1822 2904
906 150 959 189 26,

233 255 482 306 Phylomache
504 257 552 296 11.
575 257 746 306 haberet,
775 257 978 306 deceperat
1002 258 1153 306 iudices,
1180 259 1223 297 ut
1247 257 1320 297 sibi
1339 257 1512 324 Hagniac
1535 252 1638 329 bona

234 313 542 365 adiudicarent1).

334 373 477 413 Eadem
504 374 623 423 igitur
647 373 780 413 fraude
805 374 843 412 in
871 375 1075 415 certamine
1107 385 1192 415 cum
1220 374 1421 414 Stratoclis
1446 374 1522 421 filio
1547 385 1637 415 usus

237 435 307 472 est.
357 432 480 472 Aliter
512 442 557 471 ac
592 431 877 472 Schoemannus
911 432 958 471 de
991 432 1219 484 Theopompi
1256 433 1335 472 iure
1370 436 1410 472 et
1443 432 1493 472 de
1526 433 1640 474 inter·

234 492 451 542 pretatione
473 491 672 533 verborum
695 497 809 541 μέχρι
828 490 1009 546 α’νεψιῶν
1024 492 1182 532 παίδων
1201 495 1354 542 praeter
1367 490 1414 531 de
1425 490 1638 542 Boorium⁹)

234 551 375 591 iudicat
400 552 713 600 Rohrmannus8).
768 550 839 597 Qui
865 551 905 590 in
937 550 1001 590 illa
1027 551 1109 600 lege
1134 551 1309 591 sobrinos
1336 550 1409 590 dici
1434 551 1635 591 existimat.

234 608 293 648 Ad
330 609 580 650 hereditatem
617 610 736 659 igitur
770 612 981 659 postremos
1016 613 1106 650 ante
1138 613 1350 651 maternam
1376 609 1636 659 cognationem

233 669 363 709 vocari
398 680 472 709 non
506 669 816 709 consobrinorum
852 668 968 717 filios,
1011 668 1077 709 sed
1111 669 1297 710 sobrinos.
1354 669 1636 719 Theopompum

234 731 361 767 autem
389 727 561 777 Hagniae
586 728 633 767 ΙΙ.
669 739 754 767 esse
786 728 990 767 sobrinum.
1045 728 1132 768 Iure
1165 728 1284 778 igitur
1316 728 1364 767 ab
1402 728 1466 768 illo
1500 728 1637 767 victam

234 797 317 826 esse
331 786 663 837 Phylomachenll.
717 786 790 827 Sed
818 787 906 828 huic
932 787 1145 828 sententiae
1173 791 1216 828 ut
1241 788 1430 828 assentiar
1454 786 1535 827 fieri
1562 797 1636 826 non

233 849 375 895 potest.
432 847 545 895 Legis
590 848 689 887 enim
732 847 849 887 verba
890 851 977 887 sunt
1021 848 1137 888 haec:
1182 848 1279 887 »ἐάν
1313 848 1449 898 μηδεὶς
1479 841 1507 900 ᾗ
1539 847 1639 897 πρὸς

236 905 384 956 πατρὸς
409 909 524 954 μέχρι
546 905 721 956 οἷνεφιῶν
746 906 905 945 παίδων
921 936 930 946 .
945 937 954 946 .
970 923 1003 945 .«
1059 906 1265 947 Cuiusnam
1293 917 1433 957 quaero
1457 907 1638 960 α’νεψιῶν

235 964 420 1003 παίδωνῖ
468 963 602 1003 Nonne
636 965 739 1015 eius,
776 965 841 1015 qui
875 965 1125 1006 hereditatem
1151 966 1384 1015 reliquerat?
1433 966 1470 1004 Is
1497 968 1636 1013 autem,

235 1024 299 1072 qui
326 1023 481 1062 alterius
506 1026 565 1062 est
588 1023 763 1078 ἀνεψιοῦ
788 1026 903 1073 παῖς,
938 1025 1018 1064 eius
1045 1036 1120 1064 non
1146 1028 1205 1064 est
1232 1025 1426 1073 sobrinus,
1459 1023 1524 1063 sed
1550 1033 1637 1062 con-

233 1082 372 1121 sobrini
410 1081 520 1121 filius.
579 1081 714 1130 Quare.
739 1087 950 1133 postremos
986 1084 1035 1123 ad
1077 1083 1349 1124 successionem
1384 1082 1545 1123 vocabat
1574 1082 1635 1122 lex

233 1141 399 1180 defuncti
426 1141 731 1181 consobrinorum
758 1142 894 1192 filios⁴)
921 1143 980 1182 vel
1008 1143 1177 1192 stirpem.

333 1201 436 1240 Haec
453 1205 513 1240 est
532 1200 614 1239 sola
628 1205 667 1239 et
683 1206 786 1240 recta
800 1201 894 1250 legis
908 1202 1183 1250 interpretatio.
1236 1200 1338 1249 Ergo
1352 1201 1633 1250 Theopompum

233 1261 368 1300 iniuria
396 1260 569 1310 Hagniae
590 1261 637 1300 ΙΙ.
663 1260 909 1301 hereditatem
934 1262 1090 1311 petiisse
1115 1265 1153 1301 et
1177 1260 1381 1301 abstulisse
1404 1261 1584 1300 videmus

330 1325 407 1364 Sed
434 1330 575 1374 orator,
603 1326 666 1374 qui
695 1325 902 1364 orationem
924 1326 1201 1365 Macartateam
1226 1326 1449 1374 composuit,
1473 1328 1633 1374 apparet

229 1386 307 1421 tam
334 1383 529 1432 imperitus
555 1394 699 1431 rerum,
734 1386 811 1422 tam
837 1385 990 1432 ignarus
1017 1385 1109 1424 iuris
1136 1384 1272 1433 Attici,
1305 1387 1348 1423 ut
1372 1383 1473 1422 illam
1498 1383 1631 1422 adver—

230 1443 321 1481 sarii
347 1443 521 1481 iniuriam
546 1454 667 1491 neque
688 1442 922 1482 demonstret
947 1455 1070 1493 neque
1095 1443 1207 1492 plane
1235 1443 1443 1491 intellegat.
1491 1442 1630 1490 Legem

230 1501 328 1541 enim
368 1501 416 1541 de
449 1501 529 1542 iure
566 1500 795 1541 hereditario
829 1501 878 1542 ab
913 1502 1094 1543 intestato
1126 1505 1274 1549 orator,
1313 1513 1558 1552 quamquam,
1589 1505 1632 1542 ut

230 1563 304 1601 iam
330 1573 446 1610 supra
464 1561 762 1609 commemoravi,
789 1562 903 1601 semel
921 1562 1074 1601 recitari
1092 1561 1206 1610 iubet,
1237 1564 1363 1600 tamen
1383 1573 1454 1601 non
1467 1562 1630 1609 amplius

228 1620 392 1670 explicat
425 1623 541 1669 atque
575 1618 754 1658 illustrat.
800 1619 871 1659 Illa
904 1620 986 1669 lege
1017 1619 1301 1670 Theopompum
1336 1632 1383 1660 ex
1417 1619 1631 1660 hereditate

227 1679 375 1718 excludi
401 1679 504 1718 nulla
529 1679 675 1717 ratione
700 1678 848 1726 probat.
895 1679 1025 1718 Multis
1038 1679 1129 1719 locis
1141 1680 1234 1718 utin
1248 1680 1498 1729 paragraphis
1512 1682 1630 1727 27,52

228 1748 274 1775 ex
301 1737 375 1775 alia
404 1737 514 1775 domo
540 1741 653 1786 atque
668 1737 855 1784 Hagniam
869 1737 912 1776 11.
938 1748 1020 1776 esse
1035 1737 1328 1788 Theopompum,
1352 1737 1630 1787 Phylomachen

228 1799 265 1834 et
309 1795 532 1835 Eubulidam
566 1795 632 1834 111.
678 1807 724 1834 ex
768 1795 899 1835 eadem
944 1796 1144 1836 ostendere
1180 1797 1270 1836 vult.
1329 1796 1509 1846 Oportuit
1543 1807 1631 1836 vero

226 1859 414 1892 oratorem
442 1854 704 1892 demonstrare
730 1854 1015 1904 Theopompum
1040 1855 1156 1894 fuisse
1183 1855 1354 1908 ἀνεψιοῦ
1373 1855 1505 1893 παῖδα
1525 1854 1633 1894 Pole-

227 1913 366 1961 monis,
399 1923 473 1951 non
500 1913 671 1961 Hagniae
699 1914 769 1962 11.‚
809 1913 1001 1952 exclusum
1036 1914 1154 1962 igitur
1187 1925 1233 1953 ex
1265 1913 1374 1953 huius
1408 1913 1631 1953 hereditate.

226 1971 301 2010 Sed
339 1975 380 2009 ut
416 1971 487 2009 hoc
522 1971 658 2020 probet
697 1976 828 2010 orator
862 1976 1011 2011 tantum
1046 1972 1157 2011 abest
1189 1976 1233 2015 ut
1267 1983 1313 2011 ex
1346 1972 1560 2011 nominibus
1586 1972 1633 2010 de

313 2104 919 2151 1)Οἲ.518»εαγραψαςαψιο
941 2104 1281 2145 πτςενῖαι....«.

308 2170 341 2210 2)
366 2170 387 2203 1
411 2181 439 2202 c.
463 2182 493 2213 p.
515 2172 555 2203 56
577 2181 648 2212 sqq.

308 2232 342 2274 3)
364 2232 385 2265 l.
417 2243 444 2266 e.
478 2233 610 2266 10—12.
662 2232 709 2265 cf.
740 2243 771 2274 p.
803 2231 842 2264 12
872 2230 933 2263 »Is.
966 2231 1047 2272 (scil.
1077 2231 1215 2274 Tbeop.)
1247 2232 1399 2276 Hagniae
1430 2233 1473 2268 11.
1502 2235 1633 2272 ἀνεψιοῦ

224 2290 297 2320 παῖς
319 2285 401 2317 eat«,

311 2346 348 2386 4)
369 2346 416 2379 Eo
441 2347 538 2379 modo
562 2345 713 2378 iudicant
735 2345 871 2386 praeter
887 2352 951 2383 eos,
973 2354 1056 2385 quos
1067 2343 1135 2376 iam
1145 2344 1410 2386 eommemoravi,
1432 2345 1465 2379 C.
1484 2346 1536 2380 Fr.
1550 2347 1632 2381 Her·

228 2403 369 2430 mannus
391 2398 426 2442 in
449 2398 513 2431 vol.
536 2397 595 2430 111
618 2397 695 2429 libri
717 2396 758 2429 de
780 2395 912 2436 antiqu.
934 2395 1069 2429 Graecis
1091 2397 1110 2437 ἓ
1132 2396 1172 2429 60
1194 2396 1282 2429 Acin.
1304 2396 1343 2429 13
1362 2407 1393 2438 p.
1415 2398 1478 2431 303
1499 2398 1562 2441 (ed.
1583 2399 1635 2447 L),

230 2448 378 2481 Blassius
402 2449 422 2481 l.
443 2460 470 2482 c.
493 2449 621 2484 11.430.
644 2448 702 2484 111.
717 2448 788 2486 494,
813 2447 953 2483 Adolfus
977 2447 1219 2483 Wachholtzl.
1243 2457 1270 2479 c.
1293 2457 1326 2494 p.
1347 2447 1396 2486 28
