1822 2904
8 311 31 319 ,Δ
59 272 292 331 *stimme
322 272 387 326 ἐφ’
423 271 529 325 ἡμᾶς
558 272 759 317 καδίσκων
790 274 990 326 τεττάρων
1017 279 1275 318 τιθέντων
1296 278 1413 317 'ma‘
1437 275 1514 318 vui«

105 336 246 390 m,
256 333 436 382 dnicae,
450 327 587 386 οἶμαι,
589 332 628 372 υἱ
642 333 827 377 δικασταὶ
843 335 1162 387 ἐξηπατήθησαν
1176 338 1242 377 καὶ
1260 338 1510 379 ἐστασίασαν

68 398 71 401 “
97 392 283 448 (umam,-
301 393 372 441 καὶ
394 397 880 443 παρακρουσθέντες
914 395 996 433 υπὸ
1027 398 1096 446 τῆς
1134 400 1386 448 παρασκευῆς
1409 400 1508 452 ἐψη-

42 468 44 471 >
106 453 263 510 qam-to
289 451 351 491 ὅτι
376 453 514 501 ἔτυχεν
539 449 736 497 ἕκαστος-,α
763 473 810 481 -·
834 457 875 492 et
900 455 937 493 in
964 454 1012 505 §g
1041 458 1182 494 14-—15
1208 460 1248 496 et
1275 460 1431 498 Τι’-78.
1461 480 1505 487 -—

37 516 39 518 ’
65 507 68 510 ’
107 509 185 561 ut,
183 513 253 562 lus
296 512 387 559 locis
429 512 640 562 participiis
681 517 770 553 usus
807 517 958 552 orator
979 515 1148 563 proxima
1189 527 1274 555 eum
1318 519 1507 567 prioribus

103 564 387 624 cainpreliendit
411 571 662 620 repetitione,
700 572 754 611 ita
781 572 933 614 omnino
967 574 1187 622 saepissime
1219 575 1290 616 hac
1321 581 1507 626 usurpata

25 628 27 630 ’
67 673 73 680 ,
103 632 157 682 ad
177 631 349 683 proxima
375 630 573 672 transiisse
597 630 673 672 iam
706 642 824 682 supra
847 631 1007 673 vidimus
1032 636 1075 672 ut
1099 633 1138 672 in
1165 632 1189 684 5
1216 637 1284 676 32:
1324 634 1409 676 »ὅτι
1433 640 1510 687 μὲι

58 694 283 745 “sssivquuen
304 724 312 732 .
327 721 337 732 .
352 720 362 733 .
375 691 453 731 καὶ
479 689 580 742 αὕτη
604 692 881 743 ἐτίκησεν.,.«
910 697 951 732 et
974 694 1013 732 in
1039 693 1086 743 §fi
1114 697 1282 736 33-34:
1318 698 1509 751 ρρπειδᾰν

33 777 36 779 Α
104 747 176 807 αὖ·
199 753 289 805 λέγῃ
314 756 367 794 Μ
388 782 398 796 ,.
427 781 437 791 .
467 783 476 791 .
504 781 512 791 .
538 751 848 802 ὑπολαμβάνετε
867 753 976 803 αὐτῷ
1000 753 1112 804 ὑμεῖς
1138 786 1147 795 .
1174 784 1184 796 .
1213 786 1223 795 .
1248 757 1377 795 ταῦτα
1400 756 1510 807 αὐτῷ

104 815 216 866 nipe&
239 811 546 864 ὑπολαμβάνετε
577 813 644 853 καὶ
667 810 728 852 ὅτι
756 843 765 852 .
793 842 803 852 .
830 831 864 851 .«
893 835 940 843 ——
968 814 1150 855 Molestas
1172 816 1290 866 igitur
1314 819 1357 856 et
1381 818 1509 857 incon-

104 875 304 924 cinnitates
329 877 370 911 ct
396 872 639 921 repetitiones
675 873 852 921 quoniam
879 875 1119 922 cognovimus
1153 875 1194 914 iu
1228 876 1401 915 oratione
1426 876 1509 916 Ma?

105 936 294 982 curtatas„
310 933 352 975 in
378 942 454 983 quo
480 930 729 982 offendamus,
755 932 826 972 hoe
850 944 964 973 unum
992 939 1127 975 restat.
1156 934 1385 986 Plerumque
1408 937 1507 976 enim

103 998 236 1038 orator
263 992 434 1042 singulas
461 993 671 1033 sententias
695 994 926 1041 parataetiee
959 995 1154 1043 coniungit
1184 996 1266 1034 sine
1299 995 1377 1034 ulla
1410 998 1508 1034 arte.

104 1053 218 1096 Tales
240 1055 369 1096 autem
394 1052 647 1102 paratacticas
673 1052 1025 1102 comprehensiones
1051 1055 1117 1106 qui
1135 1055 1290 1105 ignarus
1305 1055 1508 1096 concinnas

104 1114 366 1164 rotundasque
391 1113 566 1163 periodos
602 1113 774 1154 struendi
805 1114 926 1154 etiam
957 1118 1077 1165 atque
1110 1115 1226 1156 etiam
1258 1120 1437 1165 usurpat,
1471 1117 1507 1154 in

104 1185 149 1222 eo
183 1173 410 1216 dissolutum
444 1173 683 1221 agnoscimus
721 1172 898 1212 dictionis
937 1184 1069 1221 genus.
1124 1174 1385 1215 Macartateae
1419 1187 1508 1215 vero

103 1233 286 1274 orationis
310 1232 523 1273 sententias
550 1233 635 1282 quis
662 1235 722 1271 est
754 1233 817 1281 qui
845 1236 960 1282 neget
985 1245 1167 1284 persaepe
1193 1237 1272 1273 tam
1296 1235 1383 1275 laxe
1408 1236 1509 1274 inter

104 1305 146 1333 se
173 1294 322 1334 iunctas
347 1303 451 1341 esse,
486 1295 531 1331 ut
566 1292 803 1334 foedissimae
827 1292 1035 1336 existerent
1057 1294 1373 1342 continuationes,
1399 1305 1509 1344 prae-

103 1352 232 1399 sertim
252 1362 350 1400 cum,
364 1352 430 1401 qui
446 1351 544 1391 hane
555 1351 766 1390 orationem
780 1351 943 1400 scripsit,
957 1352 1307 1401 comprehensiones
1317 1353 1507 1393 interdum

103 1412 355 1453 conformaret
379 1411 515 1461 longas
541 1415 580 1451 et
605 1421 723 1461 prope
747 1410 926 1452 infinitas.
940 1411 1264 1453 —Paratactieae
1289 1415 1508 1453 structurae

102 1472 272 1522 exempla
289 1471 498 1511 invenimus
515 1471 553 1510 in
571 1470 642 1509 hac
659 1470 831 1509 oratione
847 1471 1045 1519 permulta,
1071 1474 1114 1511 ut
1129 1471 1330 1521 praecipue
1346 1466 1506 1520 apparet

102 1542 124 1572 e
149 1529 388 1585 creberrimo·
414 1527 622 1582 particulae
660 1528 766 1579 καῖ’)
804 1540 895 1577 usu;
954 1541 1027 1570 non
1073 1530 1157 1572 dico
1194 1541 1276 1571 eam
1319 1531 1506 1582 copulam,

102 1602 202 1642 quae
227 1591 506 1633 substantivum
541 1600 623 1629 cum
657 1589 915 1637 substantivo,
949 1590 1173 1635 adiectivum
1199 1601 1282 1630 eum
1308 1590 1504 1639 adieetivo,

18 1674 24 1678 -
103 1651 255 1697 omnino
297 1649 459 1690 alterum
503 1648 717 1689 sententiae
763 1647 971 1692 membrum
1017 1660 1099 1689 cum
1144 1649 1265 1690 altero
1302 1641 1507 1700 coniungit,

102 1712 168 1756 sed
196 1723 303 1761 eam,
337 1721 433 1759 quae
468 1703 636 1757 singulas
675 1708 886 1747 sententias
923 1708 1022 1746 inter
1057 1719 1098 1749 se
1135 1711 1361 1758 coniungat,
1389 1720 1517 1765 quae·

102 1766 303 1815 transitum
347 1769 397 1811 ad
445 1779 578 1808 novam
616 1767 841 1807 sententiam
883 1766 1032 1809 efficiat.
1094 1769 1157 1809 Sic
1185 1770 1251 1808 καὶ
1280 1761 1503 1822 usurpatum

101 1831 224 1876 estin
249 1829 522 1886 paragraphis:
560 1831 594 1877 3,
618 1831 643 1867 4
661 1826 772 1878 (bis),
798 1831 832 1876 5,
859 1830 895 1877 8,
921 1832 956 1876 9,
983 1831 1028 1867 10
1049 1827 1159 1878 (bis),
1189 1831 1245 1876 11,
1273 1831 1331 1877 13,
1362 1831 1419 1875 14,
1447 1832 1503 1880 15,

104 1892 150 1929 19
168 1889 333 1940 (sexies),
359 1891 420 1938 22,
446 1891 507 1937 23,
533 1891 593 1936 24,
620 1889 679 1936 32,
705 1889 766 1936 34,
794 1890 852 1937 38,
881 1890 931 1926 48
955 1888 1055 1936 (bis),
1081 1890 1139 1935 50,
1164 1889 1223 1936 52,
1251 1889 1310 1935 62,
1337 1890 1384 1929 69
1402 1888 1504 1935 (bis),

103 1950 150 1989 73
175 1948 276 1999 (bis),
314 1952 373 1998 77,
408 1950 466 1997 79,
500 1950 560 1996 82,
597 1950 666 1987 84·
702 1949 756 1987 37
763 1946 799 1997 ⁸)
833 1945 904 1986 loci
939 1947 978 1986 in
1011 1950 1062 1986 67
1093 1946 1352 1996 paragraphis.
1410 1946 1502 1985 Boni

101 2009 264 2051 oratoris
291 2012 352 2049 est
374 2011 415 2048 et
434 2007 668 2058 paratactiee
692 2006 828 2056 positis
853 2004 1048 2055 particulis
1080 2009 1156 2056 μὲν
1181 2028 1229 2034 -
1252 2006 1299 2044 δὲ
1322 2010 1361 2044 et
1386 2006 1503 2054 hypo·

101 2067 237 2108 tactice
277 2066 593 2118 comprehendere
627 2065 837 2115 complures
879 2065 1087 2105 sententias
1121 2066 1194 2114 ita,
1241 2069 1284 2105 ut
1327 2065 1502 2115 periodus

102 2127 244 2168 evadat
284 2126 450 2168 rotunda
491 2129 531 2167 et
573 2125 760 2166 absoluta.
816 2125 958 2174 Quales
1003 2126 1065 2175 qui
1103 2125 1332 2166 conformare
1374 2129 1516 2181 potest

186 2247 219 2288 1)
241 2246 291 2281 De
313 2246 500 2289 particulae
519 2246 570 2277 nal
590 2244 707 2278 crebro
728 2254 791 2277 usu
813 2243 905 2283 dieo,
935 2244 1025 2286 quod
1046 2245 1081 2278 in
1102 2244 1314 2287 paratacticis
1335 2241 1502 2278 construc-

101 2295 249 2331 tionibus
270 2308 312 2332 ea
332 2299 384 2332 est
405 2296 648 2340 simplicissima
669 2298 705 2330 et
726 2295 997 2337 frequentissima
1014 2296 1190 2338 particula,
1213 2306 1281 2336 qun.
1300 2295 1359 2336 qui
1383 2296 1502 2334 utitur,

101 2348 140 2379 ut
159 2350 344 2383 sententias
364 2349 453 2382 inter
476 2358 511 2381 se
533 2348 664 2390 iungat,
687 2347 847 2388 inaudita
864 2357 988 2390 magna
1002 2348 1054 2380 vel
1068 2347 1202 2382 omnino
1216 2346 1311 2379 nulla
1325 2349 1399 2380 arte
1413 2349 1501 2389 eget.

182 2399 217 2441 2)
237 2401 279 2433 26
299 2411 341 2434 ex
372 2399 543 2432 sententia
568 2399 677 2438 Uhlii,
707 2399 766 2439 qui
796 2399 838 2431 39
869 2399 975 2431 solnm
1005 2399 1141 2441 praebet
1167 2397 1309 2430 orationi
1324 2415 1327 2417 >
1341 2397 1502 2437 XLVIII„

105 2448 144 2480 1⁹
163 2450 305 2485 orationi
324 2449 458 2484 XXXV.
