1822 2904
931 128 984 173 38.

239 231 426 270 orationis
442 231 649 274 Lacrimae
671 232 916 274 dissolutum--
925 233 1109 274 dictionis
1136 242 1273 282 emus
1280 232 1367 282 (το
1370 233 1462 283 τῆς·
1463 229 1660 285 φοι-σωκ
1676 223 1708 288 7³·
1724 222 1822 288 :fif-j.-

239 291 479 341 ἀνειμένοι).
515 291 624 340 Quod
651 303 740 332 num
772 292 835 333 his
856 292 983 338 tribus
1003 292 1249 357 orationibus,
1273 292 1323 334 de
1348 291 1491 342 quibus
1500 290 1687 340 dms}

240 351 465 400 proprium
479 351 551 401 sit,
601 351 677 393 iam
716 352 980 403 quaerendum
1016 357 1088 393 est
1151 348 1277 412 Atque
1305 347 1487 410 primum
1505 350 1659 408 quiden

243 410 460 459 videamus,
504 411 692 461 quomodo
729 413 768 452 in
808 412 875 453 his
910 411 1150 453 orationihus
1180 411 1245 452 ad
1283 407 1400 451 nova
1424 403 1659 474 transeam
1676 417 1730 466 2:57
1813 418 1819 467 ζ

224 470 431 520 ‘quomodo
459 470 632 521 singulae
662 475 803 521 partes
828 473 928 512 inter
954 483 996 512 se
1017 473 1300 521 coniungantur
1309 472 1380 511 vel
1396 469 1517 521 ipsae
1533 464 1663 521 ὒὺὲὸί·
1678 475 1691 500 “-

249 534 391 569 vantur
443 530 806 600 concludunturque
874 531 1062 581 Persaepe
1103 524 1303 579 oratores
1321 528 1582 587 priusquam
1588 540 1692 574 m<
1820 564 1822 566 .

248 590 420 639 singulas
455 590 559 639 ipsas
599 577 897 640 aggrediantur,
942 603 984 632 se
1014 586 1066 631 de
1100 591 1160 630 his
1188 594 1233 643 et
1267 590 1345 632 illis
1363 589 1547 631 dicturos
1576 600 1669 632 esse·
1712 617 1714 619 -
1749 616 1751 619 -

192 689 195 692 ,
245 651 497 699 praemittunt
522 660 647 699 neque
672 660 770 694 raro
789 651 997 700 partitione
1016 653 1187 692 utuntur.
1218 648 1335 702 Quae
1358 660 1383 688 a
1408 649 1664 708 scriptoribus

249 708 408 748 Graecis
450 709 672 760 plerumque
720 710 913 750 inducitur
960 710 1161 750 adverbio
1183 723 1369 759 πρωταν,
1422 705 1663 750 continuatur

246 768 437 808 adverbiis
474 770 615 807 ἔπειτα
640 770 702 809 vel
729 763 827 809 εἶτα.
868 771 1003 819 Itaque
1028 769 1189 818 legimus
1216 768 1367 819 XLIII„
1394 771 1439 808 31
1467 767 1665 819 βούλομαι

250 822 324 868 οὖν
352 858 361 868 .
390 858 399 868 .
429 858 438 867 .
466 843 584 880 μαρτ.
612 833 902 881 παρασχέσθαι
934 832 1094 881 πρῶτον
1117 832 1193 880 μὲν
1218 829 1270 875 ὥς
1294 858 1303 868 .
1331 860 1340 869 .
1367 860 1376 869 .
1403 829 1544 868 ἔπειτα
1570 827 1664 879 περὶ

249 891 329 928 τῶν
357 919 366 927 .
397 920 405 928 .
435 921 443 929 .
474 893 532 929 35.
561 890 853 940 »ἀναγίγνωσκε
892 892 965 937 τοῖς
995 893 1213 941 μαρτυρίας
1250 919 1260 928 .
1299 919 1308 928 .
1347 919 1356 928 .
1390 891 1550 938 πρῶτον
1589 891 1666 941 uei}

253 948 314 988 ὅτι
339 978 348 987 .
378 979 387 988 .
413 980 421 989 .
449 951 592 988 ἔπειτα
613 951 686 996 τοὶς
712 979 721 989 .
749 981 758 991 .
786 965 819 989 .‹
872 951 1056 1000 XLVHL,
1095 953 1129 990 6.
1158 952 1217 991 11.
1246 952 1303 990 15.
1339 949 1521 1000 XXXV.‚.
1541 953 1576 992 9,.
1603 951 1667 992 83.

249 1010 289 1049 In
316 1010 477 1060 ΧΙιΙΙΙ.,4
503 1013 546 1048 31
574 1010 769 1050 offendens
807 1010 1144 1059 Rohrmannus1)=
1182 1010 1373 1049 »Deinde«
1409 1010 1531 1058 inquit
1567 1016 1666 1049 »non

252 1073 313 1108 est
327 1072 484 1119 rect-um,
505 1069 606 1119 quod
628 1070 720 1109 dicit
736 1070 901 1120 scriptor
920 1071 1083 1120 ,πρῶτον
1109 1072 1195 1120 μὲν,
1221 1081 1306 1109 cum
1320 1080 1420 1119 quae
1436 1068 1666 1118 respondeat

253 1128 442 1178 particula
467 1129 519 1179 δὲ
540 1129 686 1169 frustra
723 1140 885 1179 quaeras
911 1130 949 1169 in
976 1131 1050 1178 eis,
1086 1141 1186 1180 quae
1219 1133 1451 1178 sequuntur,
1491 1128 1559 1171 sed
1596 1131 1667 1168 aut

257 1185 454 1227 dicendum
483 1191 569 1226 erat
594 1188 747 1237 dempta
773 1188 962 1238 particula
988 1191 1148 1239 πρῶτον
1164 1211 1208 1217 -
1223 1190 1364 1227 ἔπειτα
1384 1192 1454 1228 aut
1468 1187 1666 1237 particulis

251 1247 394 1287 additis
429 1249 588 1297 πρῶτον
620 1251 697 1299 μὲν
734 1270 784 1277 -
818 1249 960 1287 ἔπειτα
980 1249 1042 1288 -δὲ
1073 1279 1082 1288 .
1108 1281 1116 1288 .
1145 1279 1154 1288 .
1213 1249 1355 1290 Eadem
1392 1248 1574 1289 orationis
1611 1251 1666 1291 in-

254 1308 472 1347 constantia
497 1307 670 1347 inhaeret
696 1308 719 1357 g
746 1311 814 1356 35,
838 1319 915 1357 qua
940 1309 1122 1357 legimus:
1153 1309 1442 1358 »ἀναγίγνωσκε
1469 1337 1477 1347 .
1503 1336 1513 1346 .
1541 1323 1574 1347 .«
1623 1307 1666 1346 In

251 1366 322 1406 hac
363 1367 556 1406 sententia
590 1367 876 1408 Rubi-mannum
919 1368 1110 1408 erravisse
1153 1367 1395 1409 statuendum
1435 1371 1504 1407 est.
1570 1367 1665 1408 Num

255 1427 458 1476 scriptores
494 1426 629 1470 Graeci
664 1427 885 1477 plerumque
897 1428 958 1479 ⁹)
967 1428 1139 1469 scribunt
1170 1430 1329 1478 πρῶτον
1354 1430 1503 1477 μὲι-
1529 1429 1669 1466 ἔπειτα

255 1487 395 1526 omissa
421 1486 614 1535 particula
639 1486 697 1525 δέ.

355 1545 454 1595 Quin
474 1546 589 1585 etiam
608 1546 881 1587 Demosthenes
892 1546 924 1596 ³)
947 1557 1133 1596 nusquam
1156 1546 1265 1586 addit
1290 1547 1339 1585 δέ
1361 1547 1434 1586 nisi
1461 1547 1589 1596 XXII,
1611 1549 1668 1587 1⁷.

257 1606 464 1657 Praeterea
509 1608 669 1656 πρῶτον
704 1609 782 1656 μὲν.
817 1628 863 1634 -
898 1607 1039 1645 ἔπειτα
1080 1606 1127 1644 δὲ
1166 1609 1295 1646 exstat
1330 1607 1368 1644 in
1406 1606 1594 1654 XXXIV„
1633 1610 1667 1645 5.

256 1665 331 1705 Sed
358 1665 438 1704 eius
466 1666 651 1707 orationis
673 1665 856 1715 originem
875 1666 1004 1715 Siggio
1032 1665 1183 1706 dubiam
1211 1666 1330 1705 videri
1358 1676 1474 1715 supra
1484 1666 1516 1714 ⁴)
1543 1664 1668 1705 attuli.

256 1725 387 1774 Itaque
420 1725 509 1765 mihi
546 1725 694 1775 quidem
728 1737 802 1765 non
838 1726 1083 1775 suspiciosum
1114 1726 1285 1773 videtur,
1330 1725 1429 1774 quod
1464 1726 1501 1764 in
1527 1725 1668 1773 Xanm..

259 1785 317 1823 31.
347 1784 405 1823 35.
435 1784 614 1835 XLVIII,
655 1789 711 1824 ll.
737 1788 794 1824 15.
820 1784 998 1834 XXXV.,
1031 1788 1079 1824 33
1111 1785 1292 1835 scriptum
1327 1787 1388 1824 est
1411 1786 1571 1835 πρῶτον
1594 1786 1671 1835 μὲν

344 1904 375 1944 1)
398 1904 421 1935 1.
444 1914 470 1936 c.
495 1915 525 1945 p.
549 1905 599 1936 52.

343 1955 376 1993 2)
399 1954 446 1987 ef.
471 1954 682 1997 Kruegerum
709 1955 860 1989 »Griech.
885 1954 1124 1997 Sprachlehre«
1149 1955 1168 1997 9
1187 1955 1237 1993 69,
1260 1953 1311 1993 24,
1337 1956 1363 1988 l.

343 2007 377 2048 3)
399 2006 449 2040 cf.
471 2006 719 2040 Rehdantzium
743 2007 766 2041 1.
788 2018 816 2041 c.
840 2007 912 2042 Iud.
934 2007 977 2039 11.
1000 2018 1026 2039 s.
1050 2018 1080 2040 v.
1102 2008 1159 2043 palu
1183 2017 1213 2047 p.
1235 2006 1307 2038 253.
1353 2007 1496 2047 Appono
1517 2005 1670 2046 exempla

259 2068 300 2090 ex
334 2058 428 2090 Dein.
461 2057 519 2096 11..
554 2059 580 2100 1,
610 2057 679 2096 IV„
706 2059 735 2090 3.
764 2059 814 2091 34.
846 2058 914 2095 vl..
944 2058 974 2091 3.
1006 2057 1074 2096 lx„
1097 2059 1127 2089 9.
1156 2057 1206 2090 ⁷5.
1236 2057 1320 2095 XV..
1341 2058 1370 2089 8.
1393 2057 1526 2094 xvm..
1550 2057 1578 2088 1.
1603 2054 1671 2088 105.

260 2109 363 2149 XIX,
391 2108 442 2141 32.
472 2108 555 2147 XX„
586 2109 636 2141 95.
670 2109 738 2142 100.
774 2111 843 2142 127.
873 2108 1004 2148 XXIII..
1027 2108 1076 2142 84.
1109 2108 1241 2146 XXIV„
1268 2108 1315 2141 18.
1339 2107 1450 2147 LVII,
1473 2107 1522 2141 19.
1546 2107 1596 2140 20.
1620 2107 1671 2140 40.

260 2161 313 2194 43.
346 2161 396 2194 62.
427 2161 477 2194 67.
506 2161 558 2193 68.
588 2162 651 2194 ειε.
711 2161 862 2194 Prooem.
890 2161 940 2194 30.
968 2161 1017 2194 34.
1048 2161 1099 2193 36.
1131 2179 1171 2185 —-
1201 2160 1248 2194 cf.
1289 2160 1393 2193 etiam
1431 2159 1672 2193 Dobereuzium

264 2213 418 2245 »Observa
453 2212 749 2245 Demosthenicum:
780 2223 811 2254 p.
834 2213 865 2245 6.
888 2230 926 2236 --
950 2211 1059 2245 Ceteri
1089 2221 1224 2253 quoque
1250 2212 1401 2245 oratores
1426 2209 1580 2244 omnibns
1603 2209 1673 2243 fere

261 2263 341 2297 locis
373 2263 538 2297 omittunt
571 2265 624 2303 δὲ,
658 2265 697 2296 ut
731 2264 893 2298 Isocrates
921 2263 1017 2297 nullo
1047 2263 1120 2297 loco
1149 2263 1215 2297 nisi
1243 2263 1368 2304 xvn„
1406 2264 1455 2297 17.
1485 2263 1527 2296 40
1556 2261 1674 2296 scribit
1724 2297 1733 2302 ,

260 2315 385 2359 πρῶτον
400 2317 458 2352 μὲν
483 2333 519 2338 -
544 2317 653 2347 ἔπειτα
670 2317 703 2347 «53
728 2316 839 2357 (XIV.‚
863 2316 904 2348 63
926 2316 1061 2353 μάλιστα
1081 2317 1139 2353 μὲν
1165 2333 1201 2339 -
1224 2317 1332 2347 ἔπειτα
1355 2316 1411 2356 δέ).
1435 2333 1467 2339 -
1499 2313 1549 2347 Of·
1569 2313 1673 2347 etia-m

263 2367 401 2400 Uhlium
425 2366 447 2399 l.
470 2377 498 2399 e.
520 2377 553 2408 p.
575 2367 626 2400 93.

345 2419 378 2460 4)
401 2418 450 2452 cf.
473 2429 574 2461 supra
595 2429 629 2461 p.
652 2419 681 2452 7.
