1822 2904
983 189 1032 226 64

299 291 382 332 ὑπό
399 308 460 332 τιν
461 309 501 339 ος
523 292 737 333 α’δικῶνται
755 318 800 323 -
820 295 888 335 δια
913 296 961 335 ‘co‘
978 295 1115 346 μεγάλ’
1135 295 1368 336 deusto-Sao
1385 319 1432 326 —
1451 297 1708 349 (ἐπιτρέπειν)

305 374 343 380 -
357 352 604 403 (αφιστᾶμεν
606 368 645 398 ος
654 348 769 403 ευ)-
784 355 870 394 ἴστε
881 354 941 394 ὅτι
950 356 1060 394 πάνυ
1070 354 1122 394 αν
1135 355 1272 406 2562.—
1272 357 1410 406 μικρα
1427 355 1709 407 ἐλαττούμενος

301 412 380 450 ὑπὸ
403 412 475 452 Ὀλ.
510 436 545 440 -
584 414 665 463 (γε1
666 420 763 464 ομέν
764 415 843 464 ους)
878 438 923 443 -
959 413 1177 460 διαλλαξαν
1178 428 1248 460 τας
1282 416 1532 470 ἀποπέμψαι
1558 437 1606 444 --·
1631 414 1709 464 (οτι

298 474 373 520 μὲν
382 465 734 521 ου1)-(παραγεν
736 479 831 523 ομέν
833 475 961 522 ων)-
971 473 1053 511 υπὸ
1069 473 1140 512 Ὀλ.
1151 494 1195 499 -
1208 474 1292 511 ἔστι
1302 473 1532 523 δὲβραχιὶςο
1541 474 1707 524 laroc-—

300 522 592 575 οὗτοςὸΚόνω1
602 551 649 559 -
661 531 748 571 πώ
750 532 877 583 υχρόν
879 547 973 572 ον-
992 530 1291 583 πρεσβύτερος“
1268 547 1314 571 οτ
1315 533 1708 584 ’ἐτελεύτα-(περι-

298 591 504 638 γενέσθαι)
533 601 614 638 sqq.
635 611 681 617 —
702 592 854 630 XXXV
887 591 1146 635 1-5.ευ’θυ“ς
1172 591 1425 630 ἐπελάθοντο
1451 613 1498 620 -
1524 592 1553 629 ἃ
1568 592 1716 642 ἔλαβον,

300 669 348 675 -
380 649 678 700 (παραγραφας)
703 673 749 678 -
776 650 982 702 (ὑμέτερον
1012 650 1220 702 ἐμπόριον)
1241 672 1289 678 -
1310 664 1493 703 χρηματα
1523 651 1711 696 δανείσας

300 707 424 746 πάλιν
449 708 635 758 Ἀθήναζε
665 732 705 738 -
736 711 833 759 πρὶν
857 711 1084 749 ἀποδοῦναι
1110 732 1156 738 -
1183 709 1338 748 ἐνθάδε
1354 711 1542 749 κατέλιπε
1560 733 1608 740 -—
1627 722 1708 759 sqq.

400 768 535 806 Restat
561 768 735 817 denique,
760 772 804 807 ut
827 770 946 808 dicam
975 770 1023 808 de
1051 770 1280 817 elocutione,
1315 780 1426 818 quam
1455 770 1492 808 in
1520 770 1708 819 prioribus

299 826 421 865 obiter
449 829 595 867 tantum
623 829 744 877 tetigi.
780 829 874 869 Eam
902 841 978 869 non
997 829 1262 869 Demosthenis
1287 840 1370 868 esse
1388 840 1509 878 neque
1528 829 1709 869 urbanam

300 896 424 933 neque
462 897 636 934 suavem,
683 889 749 926 sed
786 893 975 937 agrestem
1014 892 1054 927 et
1084 889 1230 935 rudem,
1277 891 1319 927 ut
1354 889 1428 926 iam
1466 901 1486 927 e
1519 889 1710 936 prioribus

300 949 476 993 apertum
511 947 604 994 erit,
647 948 702 985 ita
735 948 772 986 in
811 948 988 996 proximis
1021 947 1205 996 probabo.
1258 947 1378 986 Vasta
1414 947 1512 985 enim
1550 951 1711 997 apparet

301 1005 462 1044 elocutio
489 1006 525 1044 in
555 1006 712 1055 XLIII„
740 1008 788 1046 53
827 1008 897 1047 »ού
933 1011 1067 1046 τοίνυν
1092 1009 1223 1045 ταῦτα
1247 1009 1322 1056 μὲν
1349 1007 1495 1046 ἔδωκεν
1520 1028 1569 1035 -
1596 1008 1711 1057 ἕτερα

301 1066 336 1103 δ’
366 1065 413 1103 οὐ
438 1069 676 1115 προςέταξεν
703 1097 712 1106 .
740 1098 749 1107 .
777 1085 824 1116 .«,
851 1069 897 1107 de
922 1079 998 1117 quo
1032 1068 1113 1107 loco
1139 1067 1358 1115 diligentius
1384 1067 1565 1106 disseruit
1588 1068 1710 1106 Robr—

302 1136 462 1165 mannus
479 1126 520 1175 ¹),
548 1129 597 1166 50
623 1126 760 1166 »αὕτοὶ
793 1128 843 1167 δι’
879 1128 1012 1166 αὐτῶν
1045 1125 1323 1176 πορεύονταιεε,
1361 1127 1481 1166 stulta
1513 1128 1552 1166 in
1580 1127 1614 1177 ἓ.
1641 1131 1710 1167 83:

303 1188 502 1234 »νομίζετε
545 1186 596 1236 δη“
634 1188 706 1225 τόν
749 1189 881 1226 παῖδα
923 1188 1098 1234 τουτονὶ,
1143 1180 1175 1223 αἶ
1209 1184 1249 1223 ἄ.
1284 1187 1341 1233 δ.,
1379 1186 1576 1235 ἱκετηρίαν
1616 1188 1712 1236 ὑμῖν

301 1247 545 1294 προκεῖσθαι
573 1273 580 1282 .
617 1275 626 1285 .
663 1262 717 1294 .«,
753 1247 864 1285 nimis
895 1246 1100 1286 artificiosa
1136 1246 1173 1284 in
1208 1245 1229 1293 ξ
1264 1248 1310 1284 59
1349 1243 1629 1295 »Μακαρτάτῳ
1666 1246 1712 1283 δὲ

300 1301 427 1351 τούτῳ
471 1302 590 1341 οὐδὲν
630 1304 875 1353 διαλέγωνται
912 1304 1008 1352 (scil.
1045 1304 1084 1342 οἱ
1113 1302 1261 1351 νόμοι),
1296 1306 1336 1342 et
1370 1304 1419 1342 60
1453 1319 1486 1342 ».
1523 1333 1532 1342 .
1568 1333 1577 1341 .
1604 1302 1664 1342 ὅτι
1690 1304 1712 1342 o‘

301 1360 435 1410 πατὴρ
458 1360 582 1400 αὐτοῦ
611 1358 829 1412 ἄνθρωπος
851 1356 902 1413 ἧν
925 1363 990 1400 καὶ
1016 1361 1266 1410 τετελεύτηκε
1289 1361 1375 1410 μετ’
1401 1357 1531 1399 ἄλλων
1555 1362 1712 1401 πολλῶν

252 1452 256 1456 .
300 1421 366 1458 καὶ
393 1426 593 1469 νεωτέρων
622 1421 688 1458 καὶ
717 1423 1031 1470 πρεσβυτέρων«,
1059 1421 1225 1467 itemque
1250 1419 1456 1458 artificiosa
1482 1421 1520 1458 in
1548 1421 1710 1460 XLVIII.

301 1480 325 1517 2
355 1480 614 1529 »διαλλακτήν
639 1479 784 1518 οὐδένα
819 1479 974 1529 φεύγων
1003 1508 1013 1519 .
1041 1495 1086 1526 .,«
1118 1482 1139 1516 3
1168 1479 1256 1516 »καὶ
1291 1478 1437 1522 αὐτούς
1470 1479 1713 1527 δοκιμαστὰς

299 1539 371 1575 τοῦ
407 1536 639 1587 πράγματος
679 1542 908 1586 γενομένους
945 1554 1029 1585 -,«
1072 1540 1107 1575 8.
1157 1536 1377 1586 »μηδεμίαν
1418 1536 1566 1585 αἠδίαν
1609 1532 1712 1575 εἶναι

301 1601 563 1646 περαιτέρωι,
599 1599 658 1635 53.
695 1596 783 1634 »καὶ
818 1598 992 1634 ποιοῦσα
1025 1594 1180 1633 τουτονὶ
1209 1598 1428 1643 περαιτέρω
1451 1597 1709 1643 μαίνεσθακ,

302 1656 360 1692 24.
400 1654 489 1692 »καὶ
522 1655 625 1693 nava*
655 1653 780 1704 τύχην
813 1654 879 1692 καὶ
914 1654 1018 1692 κατα
1053 1654 1270 1703 δαίμοναει,
1309 1655 1368 1692 36.
1407 1655 1466 1692 39.
1506 1651 1711 1693 »ὑπόνοιαι

301 1713 480 1751 πλασταὶ
497 1713 564 1751 καὶ
580 1712 805 1762 προφάσεις
831 1741 840 1751 .
867 1729 914 1761 .«,
939 1716 999 1751 44.
1029 1712 1135 1750 »οὐδ’
1159 1708 1306 1762 ἤκουσέ
1320 1725 1397 1760 μου
1421 1711 1558 1761 φωνήν
1583 1710 1712 1757 οὐδεὶς

301 1770 534 1818 ἀνθρώπων
559 1768 651 1809 οὔτε
674 1771 819 1820 μικράν
845 1767 937 1808 οὔτε
962 1769 1168 1820 μεγάλην.«

402 1830 555 1869 Falsum
574 1830 666 1869 illud
682 1825 793 1880 ἦθος,
816 1830 914 1879 quod
931 1834 1058 1869 exstat
1075 1830 1112 1868 in
1133 1829 1269 1869 XLIII.
1295 1833 1334 1868 et
1356 1827 1519 1868 XLVIII.
1535 1830 1710 1878 quoniam

302 1890 464 1928 tractavi
492 1890 530 1928 in
556 1890 682 1938 priore
707 1892 819 1938 parte
845 1889 1132 1937 disputationis,
1161 1889 1238 1927 iam
1265 1888 1310 1926 de
1337 1888 1492 1936 singulis
1517 1887 1711 1927 vocabulis

301 1947 418 1987 verba
447 1947 603 1995 faciam,
629 1947 791 1996 primum
819 1947 865 1986 de
891 1948 963 1996 eis,
1000 1958 1098 1998 quae
1125 1951 1193 1987 aut
1215 1958 1401 1996 nusquam
1429 1947 1577 1986 omnino
1604 1958 1711 1996 repe-

302 2007 451 2045 riantur
476 2006 577 2054 apud
599 2005 891 2045 Demosthenem
916 2007 975 2045 vel
1001 2007 1150 2046 Atticos
1177 2007 1381 2055 scriptores
1407 2006 1480 2044 nisi
1501 2006 1540 2044 in
1565 2018 1640 2045 una
1665 2018 1711 2045 ex

302 2065 361 2103 his
388 2065 628 2104 orationibus
655 2068 723 2103 aut
749 2064 842 2103 alias
870 2075 935 2104 seu
959 2065 1072 2104 aliter
1097 2069 1299 2104 struantur
1325 2076 1392 2103 seu
1410 2064 1522 2103 aliam
1546 2064 1712 2104 habeant

301 2124 388 2163 vim.
425 2146 472 2152 —
508 2124 647 2164 XLIII.
679 2126 835 2163 31-33.
876 2125 1106 2175 »ἐνίκησε
1142 2125 1216 2163 τοῦ
1255 2123 1420 2175 κλήρου«
1454 2123 1632 2164 Reiskius
1673 2125 1711 2164 in

302 2184 431 2223 Indice
459 2185 645 2224 »scilicet«
674 2184 796 2232 inquit
824 2185 920 2234 »τήν
946 2185 1094 2234 dimam.
1142 2184 1260 2224 Cuius
1294 2183 1584 2223 constructionis
1609 2184 1711 2223 aliud

301 2242 444 2282 nullum
468 2246 595 2282 exstat
620 2243 845 2292 exemplum.
885 2247 920 2282 7.
946 2243 1350 2293 προςκαλεΐσθαι
1375 2241 1489 2291 παρά
1513 2255 1616 2286 τινος
1639 2244 1712 2282 alio

303 2301 404 2340 nullo
442 2302 524 2341 loco
551 2302 721 2349 legimus.
771 2302 935 2341 XLVIII.
972 2307 1027 2342 13.
1065 2303 1153 2341 »καὶ
1184 2295 1298 2347 οὗτος
1331 2300 1457 2340 εἶλετο
1490 2301 1582 2345 τούς
1616 2316 1713 2353 φαρ-

301 2361 543 2409 μακοτρίβας
578 2359 644 2397 καὶ
670 2359 743 2410 τήν
768 2359 977 2410 οἰκίσκην.<<
1030 2361 1113 2400 Alio
1145 2359 1247 2400 nullo
1283 2359 1364 2399 loco
1391 2361 1518 2398 exstat
1550 2358 1712 2411 οἷκίσκη.

388 2467 419 2508 1)
441 2468 462 2501 1.
485 2478 512 2501 e.
534 2478 568 2510 p.
590 2469 640 2502 54.
