1822 2904
133 262 287 303 minima
313 272 402 311 pars
426 261 594 300 continet
619 261 845 308 argumenta
869 258 964 307 ipsa,
990 268 1109 306 eaque
1134 261 1357 306 argumenta
1380 256 1527 296 infirma

132 325 234 364 suut.
286 321 391 370 Quae
416 333 498 362 cum
525 322 563 361 in
590 319 750 370 singulis
775 322 949 359 accurate
978 317 1293 357 demonstraverit
1319 317 1526 357 Rnhrman-

131 394 223 430 nus,
259 393 377 431 pauca
411 381 580 429 equidem
614 381 688 424 eis,
721 389 817 427 quae
842 379 919 416 iam
945 379 1118 425 exposui,
1152 378 1367 424 adiungam.
1420 378 1526 423 Quae

132 441 248 483 verba
282 441 374 482 facit
409 440 456 480 de
489 451 558 480 suo
591 438 711 488 ipsius
745 448 880 487 genere
913 437 952 476 in
989 436 1011 487 ἓ
1039 439 1085 475 73
1111 447 1192 486 sqq.
1227 436 1442 484 Sositheus,
1480 448 1526 476 ea

133 506 237 543 certo
273 506 360 542 sunt
393 510 685 549 supervacanea.
737 499 810 546 Qui
844 497 1028 546 quomodo
1056 508 1194 545 genere
1221 497 1335 535 fuerit
1360 497 1529 545 Hagniae

135 563 290 613 propior
317 572 429 613 quam
451 560 723 610 Theopompus,
748 561 792 599 ut
815 558 888 598 iam
915 560 1029 598 antea
1042 555 1256 605 Reiskius¹)
1281 556 1335 596 ita
1361 556 1530 606 equidem

136 633 211 663 non
246 622 365 662 video.
426 621 521 660 Tum
556 631 655 671 quae
685 620 723 659 in
761 618 784 669 ἓ
816 622 861 658 18
896 630 978 668 sqq.
1016 618 1063 657 de
1096 617 1358 657 Buselidarum
1394 629 1532 666 genere

137 685 400 732 exponuntur,
429 691 520 719 sane
544 684 631 719 sunt
657 683 763 719 recta
790 683 829 718 et
856 679 1042 718 evidentia
1067 678 1132 726 ita,
1158 681 1202 716 ut
1228 677 1276 716 de
1302 677 1356 716 eis
1383 678 1533 717 omnino

137 752 212 781 non
247 741 366 791 possit
403 740 580 780 dubitari.
630 739 702 779 Sed
733 740 824 779 haec
854 739 977 778 omnia
1003 750 1075 778 non
1103 741 1191 778 sunt
1217 748 1284 777 suo
1310 737 1400 777 loco.
1452 739 1535 777 Dis-

139 802 234 841 serit
258 802 356 840 enim
385 805 527 847 orator,
553 804 733 849 tanquam
760 800 932 847 Hagniae
959 800 987 837 1.
1016 802 1154 847 agatur
1181 798 1424 848 hereditas2).
1476 800 1536 837 In-

140 862 227 902 ania
259 861 433 900 videntur
467 863 688 908 argumenta
724 861 904 908 oratoris,
942 870 1051 908 quem
1088 859 1344 907 cognoscimus
1379 862 1420 897 et
1452 870 1536 898 ver·

141 921 271 961 bosum
300 925 339 960 et
363 921 531 969 ineptum
558 923 597 959 et
630 931 736 967 eum,
770 920 835 968 qui
859 931 971 968 saepe
997 930 1020 957 a
1046 930 1089 958 re
1113 919 1361 967 digrediatur.
1411 920 1537 969 Atque

142 977 301 1031 primum
327 981 475 1030 quidem
501 979 804 1019 verbosissimum
831 991 914 1019 eum
940 990 1023 1018 esse
1048 979 1246 1028 praecipue
1267 980 1303 1018 in
1322 982 1539 1020 narratione

144 1053 268 1081 rerum
302 1044 436 1090 postea
469 1041 505 1079 in
540 1040 816 1079 dissertationis
843 1040 965 1079 altera
991 1044 1100 1088 parte
1126 1039 1331 1089 explicabo.
1384 1041 1539 1090 Ineptus

146 1102 278 1141 deinde
303 1104 461 1150 apparet
485 1101 522 1139 in
550 1099 634 1149 §32
649 1111 728 1149 sqq.
755 1100 819 1139 ubi
845 1100 1117 1149 Phylomachen
1142 1101 1247 1148 prius
1270 1101 1402 1139 vicisse
1428 1111 1539 1149 quam

148 1160 426 1210 Theopompum
459 1163 499 1199 et
533 1160 650 1208 iuste,
691 1159 914 1199 Eubulidam
949 1160 1014 1199 111.
1051 1171 1140 1199 vero
1175 1172 1207 1200 a.
1235 1160 1339 1199 nullo
1376 1171 1540 1209 unquam

147 1222 287 1261 victum
314 1231 396 1260 esse
422 1220 521 1259 dicit.
574 1218 755 1259 Similiter
780 1220 946 1259 absurda
973 1232 1018 1259 ea
1037 1221 1215 1259 videntur
1235 1221 1397 1259 oratoris
1416 1220 1542 1268 verba,

148 1281 281 1330 quibus
308 1281 346 1319 in
373 1280 396 1330 ξ
422 1282 468 1318 67
496 1279 665 1319 refellere
699 1283 860 1319 conatur
884 1281 1093 1319 adversarii
1120 1281 1369 1330 exceptionem
1397 1280 1545 1319 heredi-

149 1341 240 1381 tatis
268 1341 332 1380 diu
356 1351 564 1391 possessae.
623 1339 689 1380 Cui
717 1340 810 1380 nihil
836 1341 939 1380 aliud
967 1342 1122 1392 opponit
1146 1342 1216 1381 nisi
1242 1345 1415 1391 oportere
1442 1341 1544 1380 illum

149 1402 311 1451 gaudere
336 1401 583 1449 fortunaeque
607 1402 752 1449 gratias
777 1401 929 1448 habere,
955 1402 1054 1450 quod
1074 1406 1150 1441 tam
1169 1403 1234 1441 diu
1247 1403 1418 1450 Hagniae
1438 1401 1545 1440 bonis

150 1463 206 1502 uti
229 1461 408 1510 potuerit.
459 1460 513 1500 Ut
538 1460 632 1500 haec
658 1472 734 1500 non
760 1464 850 1500 sunt
875 1465 1112 1511 argumenta,
1140 1463 1194 1501 ita
1221 1474 1286 1511 ea,
1313 1475 1411 1513 quae
1433 1465 1545 1504 etiam

152 1524 268 1570 atque
294 1521 409 1560 etiam
437 1524 660 1569 repetuntur
684 1531 708 1558 a
736 1521 974 1573 Theopompo
1002 1525 1041 1559 et
1065 1522 1277 1561 Macartato
1303 1534 1350 1561 ex
1374 1523 1547 1571 Hagniae

153 1580 265 1619 domo
290 1580 430 1618 eiectos
455 1590 538 1618 esse
567 1579 647 1618 eius
673 1580 832 1618 maxime
857 1581 1087 1630 propinquos
1109 1581 1268 1631 ideoque
1288 1583 1400 1632 plane
1421 1586 1547 1623 vasta-

151 1643 229 1679 tam
276 1651 360 1679 esse
402 1650 496 1679 eam.
555 1639 725 1689 Denique
761 1641 982 1688 saepissime
1025 1653 1048 1680 a
1089 1653 1130 1681 re
1164 1643 1373 1691 digreditur
1405 1647 1544 1682 orator.

154 1699 287 1739 Omnia
321 1698 416 1738 enim
450 1709 474 1737 a
507 1698 528 1747 ἓ
556 1700 603 1736 53
637 1709 755 1747 usque
780 1699 827 1737 ad
854 1700 1124 1739 conclusionem
1151 1712 1233 1741 cum
1260 1705 1368 1741 extra
1391 1713 1546 1742 causam

151 1762 389 1811 ponerentur,
415 1770 501 1798 eum
527 1759 697 1807 oportuit
721 1759 937 1809 omitteress).
990 1761 1134 1800 Multae
1154 1762 1327 1812 deinceps
1342 1762 1549 1802 afferuntur

151 1820 275 1871 leges,
313 1830 408 1869 quae
442 1819 490 1857 ad
526 1830 604 1858 rem
637 1830 710 1858 non
745 1820 987 1870 pertinent4).
1048 1821 1190 1869 Quibus
1224 1823 1455 1872 probaturus
1490 1828 1549 1863 est

153 1883 283 1921 orator
308 1879 527 1929 propinquis
552 1890 626 1918 non
653 1879 774 1919 solum
800 1880 893 1928 iura,
920 1881 986 1919 sed
1015 1882 1129 1921 etiam
1156 1882 1278 1922 officia
1297 1883 1441 1923 tributa
1455 1895 1548 1924 esse.

155 1940 234 1980 Illis
270 1951 312 1979 se
347 1939 514 1979 functum
550 1949 651 1988 esse,
685 1951 758 1978 non
785 1951 867 1980 esse
894 1940 1181 1991 Theopompum.
1230 1943 1328 1982 Nam
1353 1955 1393 1983 se
1419 1945 1550 1993 Phylo-

154 1999 308 2039 machen
334 2000 382 2039 II.
409 2000 447 2038 in
475 1999 752 2039 matrimonium
788 2000 940 2040 duxisse
966 2001 1155 2041 Eubulida
1181 2003 1222 2042 ΙΙ.
1250 2007 1397 2043 mortuo
1423 2015 1551 2044 secun-

155 2060 243 2100 dum
278 2059 419 2108 legem,
459 2069 505 2097 ne
540 2059 621 2098 eius
658 2062 697 2098 et
729 2060 901 2109 Hagniae
936 2061 1068 2101 domus
1102 2063 1416 2111 exstingueretur.
1476 2065 1551 2104 Sed

155 2119 245 2169 quid
288 2130 355 2158 nos
403 2118 577 2167 impedit,
627 2121 826 2167 quominus
874 2121 948 2160 alia
995 2122 1097 2161 nulla
1141 2134 1182 2161 re
1225 2123 1432 2162 adductum
1470 2133 1553 2162 esse

157 2190 261 2228 eum,
301 2182 344 2218 ut
381 2178 484 2217 illam
519 2178 557 2217 in
596 2179 875 2220 matrimonium
914 2181 1092 2231 duceret,
1128 2183 1198 2222 nisi
1233 2194 1299 2232 spe
1333 2183 1556 2223 hereditatis

242 2298 275 2337 1)
297 2297 344 2331 ef.
366 2296 404 2330 G.
425 2297 466 2331 H.
490 2297 702 2332 Schaeferum
727 2309 842 2343 appar.
865 2300 904 2334 V.
927 2311 959 2343 p.
984 2302 1053 2335 117.

241 2350 277 2390 2)
299 2350 346 2384 Cf.
368 2349 621 2383 Rom-mannum
646 2350 669 2383 1.
692 2361 720 2384 c.
742 2362 774 2393 p.
796 2352 837 2384 22
855 2363 926 2394 sqq.

244 2403 277 2443 3)
299 2402 347 2436 ef.
370 2401 621 2435 Rohrmannum
647 2401 669 2435 l.
693 2413 719 2436 c.
740 2413 772 2445 p.
793 2403 927 2438 28—31.

243 2454 278 2497 4)
301 2454 352 2491 Cf.
372 2455 392 2497 9
414 2454 548 2496 53-59,
570 2454 705 2496 62-66,
727 2455 777 2489 75.
