1822 2904
134 249 212 286 μκ-Δ
218 238 279 279 Ut
315 239 366 280 ‘m
385 237 684 280 transitionibus
717 238 785 278 ita
809 237 850 277 in
883 236 1122 286 periodorum
1161 239 1385 278 structuris
1398 238 1532 279 harum

0 271 3 279 ι
95 287 361 355 semion-un
373 298 601 342 dissolutum
642 297 882 346 agnoscimus
924 296 1100 336 dictionis
1142 308 1272 346 genus.
1309 319 1358 327 -
1391 297 1532 346 Magna

54 395 57 398 ,
125 350 235 404 enim
250 361 337 403 arte
352 354 582 406 compositae
599 359 691 396 sunt
699 355 1065 405 comprehensiones,
1092 367 1188 406 quas
1208 356 1247 395 in
1268 357 1533 397 Demosthenis

126 417 234 462 veris
244 416 486 461 orationibus
500 416 671 466 legimus,
688 426 786 466 quas
805 417 844 456 in
863 415 933 465 his,
956 415 1072 456 nulla.
1106 416 1257 464 Quanta
1267 419 1355 456 arte
1364 428 1534 473 summus

5 481 7 483 ’
33 463 38 465 ’
57 490 59 493 ’
126 477 190 524 iiie
196 477 373 524 oratorin
382 479 576 519 structura
584 475 838 519 membrorum
848 475 1032 515 orationis
1042 476 1251 515 sententias
1258 477 1373 515 certis
1379 471 1535 516 circum·

127 536 393 587 amptionibus
407 535 564 578 definiat
575 547 619 578 ae
632 535 1171 584 determinettaccuratissime
1183 535 1324 584 probat
1338 535 1533 575 Disaenius

117 596 180 641 fin
179 594 454 637 dissertatione
467 594 536 634 »de
545 598 736 635 structura
745 595 982 645 periodorum
1002 595 1182 644 oratoria,
1184 611 1204 627 «
1221 605 1336 644 quam
1357 606 1433 634 una.
1449 606 1534 634 cum

129 654 293 700 editione
301 654 485 695 orationis
498 655 546 699 de
565 653 704 699 corotia
721 659 761 696 et
778 655 1067 705 diligentissima
1081 655 1388 695 introductione
1378 665 1417 694 ιιι
1438 655 1536 694 hanc

127 715 293 766 emnium
320 714 586 758 Demosthenis
615 717 829 756 orationum
846 715 1187 765 praeclarissimam
1207 716 1245 753 in
1264 715 1428 754 medium
1447 724 1535 764 pro-

129 773 261 823 mliv).
289 773 520 823 Egregieille
531 775 583 814 de
588 775 833 825 dispositione
849 776 1113 825 membrorum,
1135 775 1182 815 de
1192 774 1375 815 divisione
1383 778 1535 814 senten-

130 834 266 874 tiarum
284 835 322 873 in
341 837 483 883 partes,
505 835 551 873 de
568 836 812 884 oppositionis
829 836 972 884 formis,
998 836 1044 876 de
1066 835 1275 876 coniunctis
1292 834 1470 884 periodis,
1487 834 1535 873 de

75 936 79 941 ,
129 893 213 934 aliis
231 893 362 934 multis
379 894 572 943 variisque
589 895 829 944 periodorum
842 896 972 935 formis
982 896 1135 945 exponit
1143 895 1406 945 permultaque
1421 894 1535 935 affert

128 953 300 1001 exempla
321 964 371 998 ex
399 953 661 993 Demosthenis
688 956 936 1003 orationibus,
965 956 1032 994 sed
1062 955 1154 993 haec
1184 954 1334 1002 quidem
1363 954 1488 992 omnia
1511 964 1533 991 e

129 1011 366 1057 contionibus
400 1012 459 1051 vel
488 1012 645 1061 publicis
679 1014 932 1064 orationibus,
967 1014 1110 1054 nullum
1137 1024 1159 1052 e
1184 1013 1353 1062 privatis.
1404 1012 1534 1062 ltaque

129 1074 321 1123 quantam
348 1071 628 1113 Demosthenis·
652 1073 862 1114 laudaverit
881 1077 1015 1114 artem
1050 1073 1269 1121 Disaenius,
1314 1076 1460 1111 tantam
1493 1073 1533 1111 in

129 1126 188 1175 his
211 1130 445 1171 orationibus
472 1143 546 1171 non
575 1133 698 1173 inesse
723 1133 829 1174 haud·
852 1134 989 1173 mirum
1014 1137 1085 1172 est.
1136 1132 1234 1171 Nam
1268 1131 1307 1171 in
1341 1131 1414 1171 iliis
1447 1142 1534 1171 con-

129 1189 293 1230 tionibus
339 1191 573 1241 absolutum,
620 1194 658 1232 in
700 1193 775 1233 illis
826 1203 1010 1234 summum
1056 1193 1287 1232 admiramur
1332 1195 1535 1241 oratorem,

129 1250 191 1290 cui
228 1249 318 1289 nihil
352 1251 555 1292 admodum
594 1253 691 1292 desit
700 1253 742 1303 ²).
798 1253 904 1293 Illum
941 1264 1031 1292 vero
1073 1252 1194 1301 ipsum
1233 1262 1306 1290 ιιοιι
1341 1251 1390 1290 ab
1426 1250 1534 1289 initio

132 1312 208 1349 tam
234 1309 442 1359 perfectum
470 1311 597 1362 fuisse,
626 1313 698 1352 sed,
716 1313 917 1363 paullatim
942 1317 1096 1354 auctum
1126 1323 1208 1352 esse
1236 1313 1307 1360 ita,
1335 1316 1378 1351 ut
1401 1315 1533 1360 postea.

116 1360 309 1408 'summam
332 1370 586 1419 veloquentiae
617 1373 768 1411 laudem
799 1377 1087 1421 assequeretur,
1126 1373 1209 1420 quis
1243 1375 1321 1419 est,
1358 1371 1424 1419 qui
1458 1381 1532 1407 non

129 1427 358 1477 intellegat?
396 1429 505 1471 Adde
531 1432 631 1480 quod
657 1432 828 1481 privatas
854 1432 1047 1473 orationes
1073 1432 1294 1481 plerumque
1321 1430 1361 1469 in
1387 1429 1533 1470 levibus

129 1489 256 1529 causis
298 1489 450 1529 habitas
493 1502 568 1529 non
610 1492 708 1530 idem
754 1493 863 1531 decet
903 1493 1001 1540 quod
1034 1492 1229 1530 contiones
1268 1491 1325 1528 vel
1361 1490 1532 1537 publicas

127 1549 333 1588 orationes.
385 1549 545 1589 illarum?
570 1551 668 1589 enim
702 1551 898 1600 proprium
930 1554 990 1590 est
1016 1553 1129 1589 tenue
1151 1549 1324 1588 dictionis
1349 1559 1469 1596 genus
1482 1547 1531 1597 ⁸).

128 1608 186 1647 Ex
219 1608 276 1647 eis
311 1608 427 1656 igitur
458 1610 646 1658 periodis,
681 1622 779 1659 quae
811 1611 975 1650 maxima
1009 1613 1093 1648 arte
1122 1609 1354 1657 compositae
1379 1610 1533 1647 exstant

127 1667 167 1705 in
185 1666 459 1706 Demosthenis
486 1669 741 1718 contionibus,
778 1671 979 1709 aestimare
1004 1680 1078 1708 non
1114 1679 1333 1717 possumus,
1370 1678 1466 1715 quas
1492 1667 1531 1705 in

129 1725 189 1767 his
228 1727 466 1768 orationibus
501 1729 723 1770 invenimus.
780 1729 923 1770 Harum
959 1740 1130 1770 normam
1168 1732 1319 1779 oportet
1350 1739 1433 1767 esse
1467 1738 1532 1767 eas

129 1787 421 1838 complexiones,
455 1800 550 1838 quas
585 1790 745 1838 legimus
779 1791 817 1829 in
852 1782 1120 1830 Demosthenis
1154 1790 1255 1828 veris
1290 1788 1531 1827 orationibus

127 1847 299 1896 privatis.
352 1848 482 1897 Quare
514 1850 775 1891 Rohrmann'us
786 1851 819 1902 ⁴)
856 1851 1047 1901 complura
1081 1850 1319 1900 periodorum
1360 1847 1531 1897 exempla

120 1906 242 1963 'affert
275 1919 322 1947 ex
364 1910 486 1957 prima
529 1912 703 1950 oratione
740 1915 874 1950 contra
912 1911 1108 1960 Aphobum
1152 1910 1365 1957 desumpta.
1424 1907 1532 1946 Hanc

129 1967 368 2016 potissimum
404 1968 511 2017 eligit
553 1971 783 2019 orationem,
826 1982 911 2011 cum
942 1982 965 2009 a
1002 1970 1255 2010 Demosthene
1293 1968 1533 2007 adolescente

129 2022 299 2068 coniecta
331 2029 390 2085 sit'.
438 2029 586 2072 Etenim
617 2032 683 2081 qui
718 2033 793 2071 iam
829 2033 868 2071 in
899 2033 1069 2072 iuvenilis
1102 2032 1243 2070 aetatis
1280 2040 1392 2077 opere
1417 2028 1532 2067 verba

129 2088 316 2127 conclusis
347 2091 628 2139 numerosisque
660 2092 1054 2141 comprehensionibus
1092 2091 1320 2138 devinxerit,
1355 2101 1440 2128 eum
1466 2100 1533 2137 po-

130 2148 351 2196 sterioribus
373 2149 475 2189 vitae
501 2151 735 2201 temporibus
762 2152 892 2193 multis
910 2152 1099 2202 variisque
1127 2152 1260 2191 studiis
1286 2151 1533 2190 exercitatum

216 2264 246 2304 1)
266 2263 451 2305 Gottingae
474 2264 564 2297 183².

213 2315 246 2358 2)
268 2314 333 2349 Cic.
357 2315 439 2349 Brut
461 2315 489 2356 9,
511 2315 561 2350 35.

215 2368 249 2409 3)
268 2368 316 2401 cf.
341 2378 442 2409 supra.
463 2379 496 2409 p.
522 2369 552 2400 6.

212 2420 246 2460 4)
267 2418 290 2451 1.
312 2429 339 2452 c.
364 2429 395 2461 p.
417 2419 460 2451 44
482 2429 553 2460 sqq.
594 2419 641 2453 cf.
673 2419 764 2453 Dem.
794 2420 830 2452 in
864 2419 994 2461 Aphob.
1022 2419 1059 2459 1.‚
1086 2421 1118 2453 2.
1152 2423 1200 2452 16.
1229 2418 1363 2452 47-48,
1397 2419 1532 2452 60-61.
