1810 2859
182 292 298 334 modo
334 297 459 343 neget.
511 292 564 333 Ut
597 293 695 332 hanc
729 293 786 332 ita
822 305 952 333 omnes
977 294 1073 334 alias
1100 269 1363 336 excusationes
1389 294 1482 337 nihil
1509 302 1610 338 θῆκ’·
1647 343 1651 346 ζ
1700 272 1798 310 ''³³⁸⁷'‘

184 354 255 393 nisi
284 357 504 403 praetextus
533 353 664 392 nefarii
691 353 872 392 hominis.
920 354 1017 393 Nam
1052 354 1085 394 si
1116 354 1179 394 ille
1209 355 1456 406 praetendat,
1492 356 1593 407 quod

182 416 263 463 ipse
298 419 432 454 contra
467 417 620 463 pactum
653 414 792 462 egerit,
829 424 912 453 eum
949 415 1116 454 mentiri.
1180 415 1230 456 Se
1265 416 1386 465 ipsum
1421 416 1518 456 enim
1536 417 1592 457 “in

182 474 308 522 priore
334 484 468 520 causa,
495 484 577 512 cum
607 473 875 521 Olympiodoro
902 474 1051 512 absenti
1080 475 1362 514 abiudicaretur
1387 475 1592 525 hereditas,

183 544 253 572 sua
278 537 426 582 sponte,
453 533 625 581 quamvis
650 543 695 571 ne
722 532 933 571 adversarii
959 533 1112 584 quidem
1142 534 1212 574 sibi
1241 539 1520 585 repugnarent,
1546 547 1595 576 ne

182 594 374 632 dimidiam
419 593 569 642 quidem
613 596 760 641 partem
805 592 988 632 bonorum
1026 594 1203 643 petiisse,
1255 607 1302 635 ne
1335 596 1592 646 syngrapham

182 653 412 702 neglegeret.
471 654 611 692 Postea
645 663 731 692 vero
768 664 850 692 cum
886 653 1175 703 Olympiodorus
1210 654 1333 694 denuo
1368 656 1406 694 in
1443 659 1593 696 contro·

184 714 342 752 versiam
370 717 524 753 vocaret
558 713 828 761 hereditatem,
864 724 906 752 se
933 715 1077 763 omnia,
1110 726 1208 764 quae
1234 715 1297 754 ille
1323 715 1424 764 apud
1452 716 1594 756 iudices

182 775 324 814 diceret
360 774 419 812 vel
454 774 700 820 mentiretur,
738 773 983 812 testificatum
1015 784 1099 813 esse
1133 780 1255 823 neque
1282 774 1347 813 ulli
1373 775 1454 814 eius
1480 775 1594 814 verbo

183 844 428 884 repugnasse,
454 836 498 872 ut
520 833 622 881 pacti
650 835 788 871 essent.
842 832 939 879 Quin
968 834 1080 872 etiam
1109 834 1271 873 Cononis
1299 834 1468 884 domum,
1494 845 1593 884 quae

183 896 219 934 in
245 894 373 943 priore
386 893 591 942 partitione
605 892 676 931 sibi
691 892 835 931 tributa
848 896 963 942 esset,
993 893 1249 943 Olympiodori
1263 905 1345 933 esse
1358 897 1398 933 et
1413 904 1492 933 ase
1506 904 1593 933 con-

184 955 338 993 ductam
372 963 414 992 se
447 952 688 991 concessisse.
739 952 819 998 Quo
853 952 992 991 factum
1025 963 1128 1001 esse,
1163 956 1206 991 ut
1232 953 1285 991 illi
1309 952 1594 992 adiudicaretur

184 1016 266 1052 tota
292 1012 495 1051 hereditas.
525 1033 568 1038 --
597 1012 778 1060 Apertum
807 1012 922 1060 igitur
944 1023 1028 1051 esse
1047 1015 1181 1051 contra
1205 1015 1356 1061 pactum
1377 1013 1499 1061 egisse
1519 1023 1594 1051 nou

183 1085 236 1121 se,
264 1072 330 1112 sed
358 1071 673 1121 olympiodorum.
727 1071 931 1120 Utcunque
953 1074 1080 1111 autem
1103 1083 1165 1111 res
1186 1083 1227 1111 se
1252 1072 1455 1120 haberent,
1488 1072 1593 1112 illum

181 1132 418 1180 oportuisse,
454 1134 657 1179 autequam
690 1131 833 1170 iudices
866 1132 913 1170 de
940 1131 1151 1170 hereditate
1179 1132 1386 1170 sententias
1412 1132 1594 1179 dicerent,

183 1190 344 1229 testibus
359 1201 469 1229 usum
486 1189 585 1238 apud
601 1189 865 1228 Androclidam
887 1200 927 1228 se
945 1201 1125 1229 accusare
1147 1190 1385 1240 syngraphae
1400 1190 1593 1239 neglectae

181 1250 374 1299 (36—47).
425 1249 595 1297 Quorum
623 1248 716 1287 nihil
742 1249 876 1288 secisse
902 1249 1006 1287 illum
1034 1249 1247 1288 affirmatur
1273 1250 1488 1288 testimonio
1516 1250 1592 1288 An-

183 1309 395 1357 droclidae,
437 1309 512 1347 alio
548 1309 765 1348 testimonio
798 1308 965 1348 noluisse
999 1308 1101 1348 illum
1140 1309 1394 1358 syngrapham
1431 1309 1592 1349 describi

182 1369 482 1418 descriptamque
508 1369 626 1407 conici
656 1369 692 1407 in
720 1369 896 1407 scrinium
925 1368 1075 1408 forense
1102 1369 1295 1417 (48—49).
1345 1369 1388 1407 In
1414 1367 1594 1417 proximis

183 1428 329 1467 duabus
355 1428 605 1477 paragraphis
631 1432 761 1466 orator
786 1429 920 1466 iterum
950 1432 1159 1467 commonet
1186 1428 1514 1477 Olympiodorum,
1549 1431 1594 1466 ut

184 1488 254 1527 sibi
279 1488 462 1528 concedat
487 1488 770 1537 permittatque,
795 1491 838 1527 ut
860 1488 1076 1538 syngrapha
1098 1489 1192 1537 ipsa,
1218 1499 1331 1537 quam
1348 1486 1593 1527 Androclides

184 1558 308 1585 secum
346 1548 521 1585 attulerit
554 1548 593 1586 in
629 1547 770 1594 forum,
805 1548 908 1595 apud
939 1548 1082 1586 iudices
1113 1547 1310 1596 aperiatur
1334 1547 1594 1595 reciteturque

183 1608 383 1654 (50—51).
435 1607 532 1647 Tum
559 1607 729 1656 sequitur
755 1606 949 1655 digressio.
1006 1606 1251 1646 Callistratus
1277 1606 1375 1645 enim
1401 1605 1592 1645 invehitur

183 1667 221 1704 in
248 1667 528 1713 adversarium,
555 1667 620 1714 qui
645 1666 785 1704 habeat
809 1677 884 1703 non
912 1677 1068 1704 uxorem
1095 1667 1160 1705 sed
1186 1666 1433 1704 meretricem.
1485 1665 1595 1704 Hanc

182 1729 310 1762 autem
337 1724 497 1770 efficere,
524 1728 567 1762 ut
592 1724 655 1762 ille
680 1724 783 1762 furat
809 1728 849 1762 et
873 1725 1084 1772 improbum
1102 1725 1330 1772 impiumque
1353 1735 1395 1762 se
1410 1723 1595 1772 praebeat

182 1783 220 1818 in
249 1792 420 1818 sororem
447 1782 601 1828 eiusque
626 1782 754 1818 filiam.
808 1781 980 1818 Solonem
995 1792 1085 1818 vero
1105 1783 1226 1828 ipsum
1244 1781 1328 1827 lege
1342 1781 1594 1826 constituisse,

182 1852 249 1892 ne,
285 1839 467 1891 quidquid
504 1840 705 1892 quisquam
738 1839 881 1881 faceret
911 1850 935 1880 a
966 1839 1164 1881 meretrice
1191 1841 1419 1889 commotus,
1451 1837 1595 1879 valeret

182 1902 375 1946 (52—56).
427 1901 600 1946 Denique
634 1904 765 1937 orator
791 1904 836 1937 ut
862 1901 900 1936 in
929 1901 1083 1937 exordio
1108 1912 1131 1937 a
1157 1900 1332 1946 precibus
1359 1910 1470 1936 orsus
1495 1902 1593 1946 erat,

183 1957 238 1997 ita
263 1957 303 1996 in
329 1956 570 1996 conclusione
596 1956 803 1995 orationem
830 1955 1002 2005 precibus
1027 1958 1186 2005 perorat
1213 1955 1356 2006 (—58).

283 2018 483 2069 Reliquum
520 2021 600 2067 est,
635 2021 677 2059 ut
710 2017 891 2058 nonnulla
927 2017 1047 2059 dicam
1085 2017 1133 2059 de
1159 2019 1395 2068 argumento>
1411 2015 1592 2058 orationis

181 2080 218 2116 in
266 2079 410 2116 Lacriti
456 2079 722 2125 exceptionem.
793 2080 836 2115 In
885 2078 986 2125 quod
1034 2079 1098 2125 qui
1143 2078 1356 2116 accuratius
1402 2078 1593 2124 inquirere

181 2136 358 2183 voluerit,
389 2135 424 2173 ei
459 2138 499 2173 et
522 2136 550 2174 I.
577 2135 854 2174 Herrmannum
889 2135 926 2173 in
956 2135 1220 2174 dissertatione
1253 2135 1301 2173 de
1326 2133 1593 2172 Demosthenis

180 2193 418 2235 orationibus
452 2195 773 2244 paragraphicis¹)
809 2205 846 2243 p.
881 2197 925 2233 13
957 2205 1040 2243 sqq.
1074 2197 1113 2233 et
1147 2194 1192 2232 A.
1224 2192 1462 2233 Schaeferum
1497 2191 1523 2231 l.
1559 2203 1592 2240 c.

180 2265 216 2298 p.
230 2253 304 2289 286
331 2255 372 2289 et
398 2252 437 2289 F.
452 2252 642 2289 Blassium
668 2253 693 2289 l.
711 2264 742 2290 c.
769 2264 806 2298 p.
821 2255 893 2289 502
919 2256 959 2289 et
980 2254 1194 2290 Darestium
1215 2253 1239 2289 l.
1254 2264 1285 2289 c.
1309 2253 1339 2289 I.
1358 2263 1395 2297 p.
1413 2254 1484 2287 317
1507 2261 1590 2297 sqq.

179 2309 219 2335 et
244 2306 397 2335 Uhlium
424 2305 446 2334 1.
475 2313 506 2334 c.
536 2315 573 2343 p.
603 2309 624 2334 7
647 2315 727 2344 sqq.
754 2307 926 2336 evolvere
957 2306 1094 2336 licebit.
1156 2306 1362 2335 Androcles
1390 2308 1430 2335 et
1453 2305 1590 2335 Nausi-

272 2460 306 2486 1)
330 2457 481 2482 Erfurter
504 2456 894 2488 Gymnasialprogramm
919 2456 1010 2481 1853.
