2119 2958
1957 426 2119 497 Buse]

586 512 2119 583 Μ

0 581 2119 656 mmmm—W

473 666 560 697 quae
581 655 705 688 iterum
728 655 852 697 nupsit,
874 665 915 688 ex
1229 659 1612 694 ——d
1809 657 1882 687 erat
1903 655 2065 690 Eabronis
2085 669 2119 691 ne

445 708 511 739 quo
533 697 747 730 matrimonio
769 699 833 730 orti
856 698 942 730 sunt.
1422 701 1427 777 Ι
1978 703 1983 783 Ι

0 785 548 860 W?
606 814 634 846 1.
657 813 794 847 Glauco.
831 814 873 855 (2.
890 812 1056 853 Glaucus).
1140 800 1146 812 ²
1214 810 1394 843 Eubulidas
1415 811 1456 844 Π.
1517 801 1521 811 “
1571 801 1577 812 ⁴
1646 853 1653 859 ,
1788 812 1883 861 pilia,
2069 800 2078 815 ⁸
2109 803 2119 819 ‘

84 861 109 901 †
129 860 235 895 dume,
1326 858 1330 864 '
1602 864 1695 886 cuius
1715 858 1856 978 maut'us
1875 858 1948 889 erat
1967 857 2081 891 Sosius.

280 982 665 1055 W
1177 1000 1414 1052 ‘Phylomaehe
1434 1002 1495 1044 11.‘
1532 981 2119 1053 m

1295 1062 1740 1094 h——d

395 1219 1862 1284 mmm
1941 1221 2119 1284 “uffi-

601 1292 658 1333 qui
695 1294 769 1333 post
800 1291 984 1323 Eubulidae
1013 1290 1056 1323 ΙΙ.
1749 1293 2066 1325 h—-qae——l

600 1336 741 1366 mortem
772 1333 806 1365 in
829 1333 900 1365 eius
920 1334 1054 1365 domum

698 1375 877 1415 adoptatus
899 1378 958 1407 est.

125 1495 380 1530 Adnotationes
402 1496 445 1528 ad
468 1496 645 1528 tabulam:
1594 1497 1626 1537 5)
1658 1497 1706 1529 De
1733 1506 1799 1537 quo
1827 1505 1947 1538 genere
1976 1495 2033 1536 qui
2061 1495 2119 1527 ho1

295 1550 328 1584 1)
352 1547 483 1584 Omnes,
506 1556 588 1587 quos
601 1547 634 1578 in
647 1545 766 1577 tabula
780 1543 891 1581 attuli,
913 1544 1130 1576 nominantur
1144 1546 1204 1576 aut
1220 1546 1307 1586 apud
1324 1545 1453 1578 Isaeum
1510 1547 1638 1579 duabus
1661 1546 1881 1584 orationibus,
1910 1555 1965 1578 eos
1987 1545 2048 1578 hoc
2073 1545 2119 1577 loc

209 1598 269 1629 aut
290 1598 324 1628 in
347 1597 579 1629 Demosthenis
612 1605 698 1636 quae
725 1596 832 1626 fertur
859 1595 1010 1627 oratione
1033 1594 1067 1626 in
1091 1595 1311 1627 Macar-tatum
1335 1599 1394 1627 aut
1419 1596 1451 1627 in
1511 1597 1593 1629 mihi
1613 1597 1744 1630 videtur
1764 1607 1849 1629 esse:

208 1649 353 1688 utraque
375 1647 534 1680 oratione.
1301 1660 1304 1664 ’
1594 1648 1758 1680 Bunsen
1803 1646 1862 1678 »de
1898 1644 1968 1678 iure
2001 1644 2119 1676 heredi·

293 1699 325 1738 2)
347 1698 468 1731 Omnes
490 1708 569 1731 vero
591 1708 656 1736 eoa,
679 1696 738 1737 qui
755 1696 902 1729 eiusdem
920 1696 1050 1738 generis
1069 1706 1136 1728 non
1158 1702 1455 1730 commemorantur
1515 1698 1716 1740 philologiea
1738 1697 1918 1739 Gottingae
1943 1695 2022 1728 1813
2043 1697 2119 1736 (eun

210 1749 274 1781 nisi
298 1749 333 1781 in
357 1748 558 1782 testimoniis
578 1748 723 1786 insertis,
745 1746 850 1779 omisi.
1592 1749 1649 1781 De
1672 1749 1778 1781 Boot
1806 1747 1932 1780 »Ueber
1953 1746 2011 1777 das
2032 1746 2119 1778 attis«

294 1801 330 1840 3)
355 1794 603 1841 Phylomachae
623 1798 667 1830 II.
697 1796 849 1838 coniugis
876 1807 996 1829 nomen
1021 1797 1164 1830 Sosithei
1189 1797 1280 1830 nullo
1310 1798 1383 1832 loco
1404 1799 1455 1831 in—
1509 1800 1630 1833 andere
1643 1799 1875 1842 Gegemtande
1895 1798 1952 1831 des
1966 1795 2119 1829 attischet

211 1849 362 1881 venimus
392 1849 458 1880 nisi
492 1850 527 1880 et
557 1848 592 1879 in
614 1847 745 1879 Libanii
769 1848 966 1887 argumento
992 1850 1027 1879 et
1050 1847 1086 1879 in
1107 1847 1303 1880 testimoniis
1323 1849 1456 1882 insertis
1510 1850 1559 1881 als
1596 1850 1835 1891 prolegomena
1862 1859 1920 1881 zur
1945 1847 2037 1879 Rede
2064 1847 2119 1879 des

213 1899 248 1938 (g
270 1898 321 1935 36,
345 1898 385 1929 37
409 1898 497 1938 ete).
533 1915 569 1920 -
602 1897 710 1935 Quare
741 1896 777 1927 in
809 1895 927 1927 tabula
959 1895 1029 1928 eius
1057 1907 1175 1929 nomen
1203 1898 1294 1930 uncis
1322 1898 1452 1937 inclusi,
1511 1899 1684 1941 Hamburg
1706 1899 1786 1932 1838
1807 1901 1897 1940 (cum
1918 1896 2058 1934 tabula).

212 1950 247 1981 et
269 1950 309 1980 ut
331 1948 423 1980 illius
445 1948 496 1980 ita
518 1947 620 1981 etiam
642 1946 768 1985 Glauci,
791 1946 849 1987 qui
873 1957 951 1978 num
974 1947 1106 1980 omnino
1126 1948 1242 1987 fuerit,
1274 1951 1308 1982 et
1330 1949 1453 1991 Phyle·
1593 1950 1631 1983 G.
1653 1950 1695 1983 H.
1718 1950 1878 1983 Schaef
1883 1960 1924 1983 er
1955 1948 2119 1990 »Apparet

212 1999 353 2031 machae
374 1999 410 2037 I.,
434 2009 520 2039 quae
542 2009 622 2031 num
643 1998 832 2032 Polemonis
853 1997 954 2029 fuerit
974 2007 1064 2030 soror
1084 1999 1197 2031 eodem
1221 2003 1315 2041 patre
1338 2001 1455 2042 genita
1509 2002 1636 2033 duabus
1657 2001 1802 2042 tabulis).

212 2049 350 2081 dubium
375 2050 433 2081 est.
482 2049 529 2081 cf.
553 2049 642 2081 infra.
663 2060 695 2090 p.
719 2048 769 2081 28.
1592 2052 1857 2085 Sehoemann
1881 2050 1931 2083 ed.
1953 2048 2036 2081 Isaei
2057 2055 2119 2079 ora}

295 2100 329 2140 4)
352 2100 535 2141 Eupolemi,
558 2110 657 2141 quem
674 2100 894 2134 hereditatem
908 2100 1059 2142 Hagniae
1081 2100 1212 2142 petiisse
1234 2101 1267 2133 in
1290 2101 1450 2134 orationis
1507 2106 1595 2141 (cum
1617 2103 1758 2142 tabula).

211 2151 436 2184 Macartateae
459 2152 670 2193 paragrapho
692 2152 836 2193 septima
857 2153 969 2184 orator
990 2151 1085 2190 dicit,
1107 2152 1267 2194 originem
1290 2155 1324 2185 et
1346 2163 1450 2194 genus
1591 2155 1829 2187 Huermann
1861 2153 1945 2185 »Das
1974 2149 2112 2182 attisohe

208 2201 411 2244 ignoramus.
1507 2205 1588 2237 Mus.
1610 2205 1650 2238 N.
1673 2205 1707 2238 F.
1730 2204 1867 2237 XXXII.
1892 2214 1923 2245 p.
1948 2200 2119 2235 353—385.
