1822 2904
807 115 855 154 15

0 195 29 267 ζῇ·
43 228 57 249 ²
127 224 314 271 iudicibus
364 224 456 266 nihil
503 222 605 264 aliud
652 234 736 263 esse
777 223 876 263 illius
912 223 1081 263 militiam
1128 233 1245 273 quam
1288 225 1536 272 praetextum.

127 289 254 338 Quare
279 286 334 327 eis
357 284 549 326 hereditas
578 283 792 323 adiudicata
818 287 889 322 est.
951 283 1157 333 Postquam
1183 294 1272 322 vero
1297 283 1362 323 ille
1387 294 1411 322 a
1436 283 1532 323 bello

127 347 251 397 rediit,
277 347 416 386 iterum
441 353 517 383 una
543 339 627 382 culn
653 341 872 381 Callistrato
896 343 1009 391 petiit
1034 342 1197 382 Cononis
1223 343 1333 393 bona,
1361 347 1406 383 ut
1430 344 1535 393 pacti

130 404 261 456 erant,
292 406 355 446 ille
390 407 509 444 totam
544 402 813 450 hereditatem,
850 401 912 442 hic
945 403 1151 442 semissem.
1179 424 1228 431 —
1253 403 1378 454 Atque
1406 403 1536 453 Olym-

128 461 304 518 pi‘odoro‚
336 465 401 516 qui
425 463 570 513 primus
597 462 742 502 dicendi
768 462 893 502 locum
920 466 1055 502 nactus
1081 467 1161 512 est,
1188 464 1369 512 contigit,
1396 468 1438 502 ut
1465 464 1536 502 sibi

130 527 374 580 recuperaret
396 526 519 563 totam
540 521 804 561 hereditatem.
855 522 942 570 Qua
967 523 1109 571 potitus
1136 525 1269 561 contra
1293 525 1445 571 pactum
1462 532 1535 560 non

131 584 238 625 dedit
272 578 464 623 dimidiam
505 582 656 631 partem
693 581 925 621 Callistrato.
986 582 1110 629 Quare
1145 582 1204 620 hic
1239 582 1343 621 illum
1380 587 1536 621 accusat

14 644 41 661 ³
61 684 65 688 ,
132 643 350 684 detrimenti
376 642 482 681 illati.
535 642 577 680 In
604 652 649 679 ea
674 652 790 680 causa
814 641 946 680 habita
973 646 1033 680 est
1052 642 1146 680 haec
1164 642 1299 688 oratio,
1328 641 1537 692 quaeinter

133 702 395 743 Demosthenis
421 705 546 741 exstat
567 701 693 740 »κατά
709 701 1024 752 Ὀλυμπιοδώρου
1043 701 1229 752 βλάβης.«
1280 702 1322 740 In
1344 701 1537 750 prooemio

132 767 261 802 orator
286 765 450 810 excusat,
477 762 575 811 quod
598 761 637 801 in
652 764 904 811 propinquum
924 763 1029 801 litem
1050 762 1226 801 intendit.
1282 762 1354 802 Sed
1368 772 1420 810 se,
1446 771 1540 811 qua-

133 833 282 874 cunque
307 822 456 862 ratione
481 823 624 872 posset,
649 826 825 861 conatum
853 834 935 862 esse
960 822 1273 872 Olympiodorum
1301 834 1465 870 movere,
1494 827 1538 861 ut

134 883 207 923 sibi
232 882 469 923 concederet.
519 883 630 931 Quod
667 883 737 922 sibi
770 895 844 923 non
876 885 1089 933 contigisse.
1144 886 1174 922 A
1201 883 1386 923 iudicibus
1411 887 1537 922 autem

133 944 254 992 petit,
288 946 331 982 ut
367 945 435 982 aut
461 943 803 983 reconciliationem
830 943 995 996 efficiant
1021 948 1090 983 aut
1117 945 1215 983 iusto
1240 945 1377 984 iudicio
1404 955 1445 982 se
1471 944 1539 982 ad-

135 1005 267 1045 iuvent
294 1004 435 1054 (1—3).
488 1001 632 1044 Deinde
664 1003 777 1044 affert
802 1004 1037 1052 testimonia,
1076 1016 1097 1043 e
1123 1004 1259 1054 quibus
1286 1008 1448 1054 apparet
1474 1004 1540 1042 ad-

135 1065 344 1105 versarium
367 1065 467 1104 omni
489 1065 684 1115 aequitate
706 1064 878 1113 neglecta
892 1075 1017 1103 secum
1032 1065 1262 1103 reconciliari
1277 1064 1444 1103 noluisse
1464 1065 1541 1113 (4).

136 1126 231 1167 Tum
258 1129 391 1165 orator
416 1126 464 1165 de
492 1124 653 1166 Cononis
677 1125 890 1166 hereditate
916 1129 1051 1165 narrat
1077 1129 1116 1166 et
1143 1125 1190 1165 de
1213 1126 1398 1175 pactione,
1426 1137 1540 1177 quam

136 1186 301 1225 inierant
327 1185 407 1234 ipse
430 1190 469 1225 et
491 1186 798 1235 olympiodorus,
824 1187 1052 1235 recitarique
1078 1191 1117 1225 et
1141 1188 1264 1235 legem
1292 1186 1339 1225 de
1360 1188 1480 1235 pactis
1504 1191 1543 1225 et

137 1244 391 1284 testimonium
419 1244 692 1293 Androclidae,
726 1245 827 1295 apud
859 1256 970 1294 quem
1006 1245 1223 1295 syngrapha
1258 1246 1433 1295 deposita
1460 1250 1544 1285 erat

136 1304 314 1356 (5—11).
365 1306 408 1346 In
433 1306 623 1356 proximis
657 1305 910 1355 paragraphis
944 1309 1073 1345 orator
1099 1306 1226 1356 pergit
1245 1317 1441 1356 ,exponere
1466 1307 1543 1356 pri·

135 1364 255 1414 mum,
281 1366 470 1415 quomodo
497 1366 578 1414 ipse
602 1369 641 1404 et
668 1365 956 1415 olympiodorus
984 1365 1145 1404 Cononis
1170 1365 1268 1403 bona
1291 1367 1427 1414 partiti
1454 1367 1542 1412 sint,

135 1430 218 1467 tum
245 1425 293 1466 de
312 1424 529 1466 Moschione
551 1436 660 1465 servo
684 1427 724 1464 et
747 1423 907 1474 perfidia
920 1424 1186 1475 olympiodori,
1212 1425 1274 1475 qui
1297 1426 1544 1475 septuaginta

135 1487 258 1526 minas
287 1498 361 1526 non
396 1486 725 1526 communicaverit
752 1496 897 1533 secum,
934 1485 1066 1524 deinde
1091 1485 1137 1524 de
1163 1497 1261 1524 nova
1286 1487 1542 1525 controversia

137 1549 177 1586 et
212 1546 346 1586 militia
380 1545 655 1596 olympiodori,
694 1545 853 1595 denique
892 1545 940 1584 de
972 1545 1165 1585 archontis
1201 1546 1355 1595 iudicio,
1395 1557 1469 1597 quo
1503 1549 1542 1585 et

111 1649 114 1651 ,
135 1605 399 1656 Olympiodoro
423 1609 462 1646 et
485 1606 576 1654 sibi,
602 1605 741 1655 quippe
768 1605 831 1654 qui
859 1608 899 1644 et
923 1605 1003 1655 ipse
1030 1617 1104 1645 nou
1131 1606 1299 1655 potuerit
1325 1617 1541 1655 repugnare

134 1665 307 1706 archonti
338 1669 494 1715 propter
519 1665 730 1714 pactionem
758 1676 840 1704 cum
864 1665 928 1703 illo
954 1665 1222 1713 compositam,
1258 1665 1449 1704 hereditas
1474 1666 1538 1704 ab·

132 1725 313 1772 iudicata,
341 1724 511 1774 Callippo
535 1725 743 1773 ceterisque
770 1724 1000 1763 adversariis
1021 1724 1237 1763 adiudicata
1264 1725 1315 1763 sit
1340 1726 1538 1773 (12—27).

132 1783 246 1825 Haud
282 1785 399 1824 multo
433 1788 560 1824 autem
599 1787 687 1833 post
719 1783 1027 1833 Olympiodorum
1064 1795 1110 1823 ex
1138 1784 1348 1823 Acarnania
1384 1784 1540 1824 rediisse

132 1848 172 1884 et
196 1844 395 1885 secundum
421 1844 676 1895 syngrapham
703 1854 828 1886 secum
854 1847 1005 1893 pactum
1026 1855 1119 1892 esse,
1147 1848 1191 1883 ut
1214 1845 1350 1883 iterum
1363 1848 1537 1894 peterent

134 1904 299 1944 Cononis
325 1904 586 1959 hereditatem,
612 1904 676 1944 ille
699 1906 843 1952 totam,
870 1904 951 1953 ipse
977 1905 1165 1944 dimidiam
1191 1905 1380 1954 (28—30).
1428 1905 1536 1954 Quod

131 1975 209 2013 qua
250 1965 335 2013 lege
376 1964 450 2004 illis
482 1964 800 2014 permittebatur,
845 1975 891 2003 ea
925 1965 1085 2004 recitata
1118 1968 1245 2003 orator
1278 1965 1467 2004 invehitur
1500 1966 1537 2004 in

134 2022 462 2073 Olympiodorum,
509 2025 593 2075 qui,
634 2023 804 2073 quamvis
841 2033 881 2062 se
916 2024 1123 2063 adiuvante
1159 2024 1396 2063 adversarios
1431 2024 1540 2063 facile

134 2083 392 2132 superaverit,
431 2088 557 2123 tamen
584 2083 802 2132 syngrapha
826 2083 1002 2130 neglecta
1029 2094 1150 2132 neque
1176 2084 1292 2122 totius
1318 2083 1539 2121 hereditatis

133 2152 254 2191 neque
279 2143 522 2192 septuaginta
550 2143 697 2182 illarum
721 2142 906 2181 minarum
927 2142 1118 2182 dimidiam
1138 2145 1284 2192 partem
1305 2142 1375 2181 sibi
1395 2141 1541 2181 dederit

137 2200 329 2250 (31—32).
382 2202 477 2242 Tum
505 2203 640 2251 omnia,
669 2213 766 2251 quae
791 2202 830 2240 in
855 2202 1046 2251 prioribus
1073 2202 1247 2251 exposuit
1268 2205 1412 2250 orator,
1437 2202 1540 2241 affir-

137 2263 219 2300 mat
243 2261 468 2301 testimoniis
496 2260 697 2312 (33—35).
749 2260 897 2309 Quibus
922 2261 1091 2300 recitatis
1109 2261 1361 2310 Olympiodori
1385 2273 1541 2301 excusa-

137 2321 262 2361 tiones
289 2320 460 2361 refellere
486 2318 657 2361 conatur.
707 2322 748 2360 In
775 2333 819 2361 eo
848 2321 946 2361 enim
971 2321 1041 2360 sibi
1067 2331 1276 2370 repugnare
1302 2320 1417 2370 illum,
1442 2322 1542 2372 quod

141 2390 183 2420 se
209 2391 233 2419 a
256 2380 474 2420 Moschione
510 2390 618 2419 servo
648 2381 893 2429 septuaginta
927 2380 1048 2418 minas
1084 2380 1271 2429 accepisse
1299 2381 1413 2420 modo
1442 2381 1545 2421 dicat
