1822 2904
914 141 960 179 14

325 244 508 292 Quoniam
547 246 662 295 igitur
701 250 889 298 quantum
931 249 1039 297 potui
1084 260 1168 297 res,
1204 261 1301 301 quae
1338 250 1388 290 ad
1426 249 1636 302 orationem

221 304 495 345 Macar-tateam
521 307 730 355 pertinent,
758 308 926 356 exposui,
952 308 1133 359 sequitur,
1160 312 1203 349 ut
1228 309 1362 351 eodem
1388 310 1500 351 modo
1526 321 1635 361 prae-

222 364 328 403 beam
375 370 639 414 argumentum
678 367 861 407 orationis
899 368 935 407 in
973 368 1290 419 olympiodorum.
1364 370 1420 411 De
1457 382 1532 422 quo
1569 369 1635 421 qui

221 425 434 465 accuratius
469 426 608 465 erudiri
646 427 747 473 vult,
782 428 816 466 ei
851 432 1006 477 praeter
1037 428 1187 469 Libanii
1224 433 1491 490 argumentum
1523 434 1564 471 et
1587 431 1632 472 A.

221 484 512 525 Schaeferuml.
538 497 568 525 c.
605 498 643 535 p
680 490 751 526 236
780 497 866 555 sqq.
905 494 945 527 et
978 489 1040 528 Fr.
1064 489 1309 529 Blassiuml.
1335 501 1365 529 c.
1390 501 1428 538 p.
1455 493 1529 530 497
1551 484 1645 540 sqq.

221 548 261 583 et
295 545 544 595 Darestium1)
578 546 615 584 in
641 546 759 595 libro,
793 547 859 596 qui
886 548 1122 589 inscribitur:
1161 550 1258 589 »Les
1285 549 1502 600 plaidoyers
1528 549 1633 593 civils

222 605 269 643 de
291 605 566 644 Demosthene«
583 606 632 644 11.
650 617 686 654 p.
706 609 824 655 lsqq.
851 609 1046 656 perlegere
1067 608 1166 647 licet.
1219 610 1362 657 Conon,
1392 605 1630 650 Atheniensis
1660 607 1664 610 ⁴

221 663 387 712 quidam
414 668 582 703 mortuus
609 669 693 703 erat
720 665 799 704 sine
825 666 954 707 liberis
982 679 1104 717 neque
1125 671 1390 708 testamentum
1415 669 1630 720 reliquerat.

221 724 354 773 Itaque
390 724 435 762 de
469 726 547 764 eius
574 725 786 764 hereditate
813 726 911 765 inter
937 728 1167 777 propinquos
1195 732 1383 768 certamen
1412 733 1535 769 ortum
1563 734 1633 769 est.

221 784 336 823 Primi
373 795 455 823 eam
490 796 566 823 una
602 785 794 833 petierunt
828 789 866 823 et
898 787 1145 826 obtinuerunt
1172 788 1414 828 Callistratus
1443 794 1483 828 et
1509 789 1633 837 Olym-

222 845 415 893 piodorus,
442 845 508 894 qui
535 845 723 896 quomodo
747 846 889 885 Cononi
915 847 1119 897 propinqui
1140 847 1279 887 fuerint
1299 849 1498 890 nescimus.
1547 850 1633 910 Qui

222 920 304 947 cum
331 907 445 946 huius
473 918 640 946 sor-olem
668 906 730 945 ille
755 907 794 945 in
821 907 1100 946 matrimonium
1128 908 1306 956 duxisset,
1333 910 1492 949 interae
1512 893 1634 950 affini-

223 971 302 1006 tate
318 967 517 1014 coniuncti‚
544 977 628 1005 cum
650 966 696 1005 ab
720 966 803 1005 aliis
818 965 981 1005 Cononis
1004 965 1255 1006 hereditatem
1279 968 1317 1007 in
1340 969 1633 1009 controversiam

223 1031 397 1066 vocaturn
425 1026 470 1064 iri
498 1029 775 1075 exspectarent,
801 1034 1029 1075 quamquam
1055 1026 1115 1065 ille
1143 1038 1183 1065 se
1209 1027 1329 1066 solum
1353 1028 1525 1068 heredem
1551 1040 1634 1068 esse

222 1088 330 1125 initio
359 1087 518 1132 dixerat,
545 1090 695 1134 pactum
722 1086 902 1134 inierunt,
930 1090 973 1123 ut
1001 1097 1048 1123 ex
1073 1096 1193 1134 aequo
1219 1088 1358 1125 mortui
1385 1088 1509 1127 omnia
1534 1088 1631 1127 bona

222 1147 457 1197 partirentur
482 1150 521 1184 et
547 1146 796 1185 communiter
822 1151 980 1194 agerent
1007 1146 1045 1184 in
1071 1145 1199 1194 rebus,
1227 1158 1324 1197 quae
1350 1149 1397 1187 ad
1422 1160 1503 1187 eam
1527 1148 1634 1188 here-

223 1208 381 1245 ditatem
409 1206 656 1254 pertinerent.
712 1205 825 1243 Cuius
847 1200 1034 1252 pactionis
1062 1205 1317 1254 syngrapham
1341 1212 1634 1255 composuerunt
1659 1243 1663 1246 .

222 1271 261 1305 et
289 1264 389 1314 apud
420 1263 689 1302 Androclidam
718 1263 874 1301 amicum
903 1263 1171 1312 deposuerunt.
1225 1264 1370 1304 Deinde
1400 1266 1451 1304 illi
1473 1266 1634 1306 Cononis

224 1325 332 1365 bonis
358 1324 471 1373 potiti
500 1335 620 1372 eaque
646 1323 853 1362 secundum
882 1327 1032 1371 pactum
1062 1324 1162 1362 inter
1195 1336 1236 1363 se
1262 1326 1393 1373 partiti
1422 1330 1523 1365 sunt.
1577 1326 1634 1376 Ex

223 1386 341 1424 servis
379 1395 466 1421 vero
502 1383 640 1420 relictis
675 1382 844 1420 Moschio-
879 1382 1059 1431 quidam,
1095 1383 1160 1432 qui
1191 1383 1334 1421 Cononi
1370 1384 1491 1423 fidelis
1529 1385 1633 1423 visus

223 1447 324 1492 erat,
358 1444 396 1482 in
431 1442 679 1492 suspicionem
716 1441 851 1482 cecidit
886 1441 1152 1491 olympiodori.
1213 1442 1283 1490 Qui
1322 1454 1405 1482 eum
1440 1454 1515 1484 una
1550 1455 1633 1483 cum

225 1505 445 1544 Callistrato
474 1503 585 1541 torsit
613 1503 689 1549 ita,
725 1505 769 1539 ut
795 1502 1039 1540 confiteretur
1066 1513 1106 1540 se
1137 1502 1281 1541 Cononi
1309 1503 1409 1541 mille
1436 1503 1633 1543 drachmas

223 1565 418 1613 eripuisse.
486 1563 601 1601 Cuius
640 1572 809 1600 summae
852 1561 1034 1611 reliquam
1076 1565 1224 1610 partem
1262 1566 1518 1601 sescentarum
1557 1562 1635 1602 fere

224 1624 486 1664 drachmarum
534 1621 738 1661 secundum
779 1626 932 1670 pactum
981 1621 1223 1661 Callistratus
1270 1626 1310 1661 et
1344 1622 1632 1672 olympiodorus

222 1685 320 1722 inter
364 1695 403 1721 se
445 1682 577 1731 partiti
618 1684 717 1720 sunt.
777 1681 911 1719 Paullo
954 1684 1043 1729 post
1086 1685 1215 1720 autem
1255 1682 1473 1721 Callistrato
1510 1684 1633 1722 nescio

221 1743 512 1791 olympiodorus
545 1742 679 1779 iterum
718 1740 973 1779 Moschionem
1017 1740 1130 1778 torsit
1176 1744 1215 1778 et
1259 1742 1502 1790 septuaginta
1538 1741 1634 1780 alias

220 1803 340 1840 minas
377 1802 477 1840 solus
514 1801 670 1850 accepit.
722 1800 830 1848 Quod
866 1811 948 1839 cum
985 1799 1048 1838 ille
1083 1801 1349 1849 comperisset,
1386 1801 1631 1851 septuaginta

221 1862 406 1900 minarum
434 1861 627 1900 dimidiam
654 1865 803 1909 partem
831 1872 855 1898 a
880 1860 980 1898 socio
1006 1859 1225 1908 postulavit.
1272 1860 1344 1907 Qui
1369 1861 1436 1900 diu
1461 1864 1631 1900 moratus

221 1922 316 1961 haec
342 1926 380 1960 et
407 1921 472 1960 illa
498 1921 786 1970 praetendebat,
815 1932 895 1959 cum
921 1920 958 1958 in
976 1921 1271 1959 controversiam
1292 1925 1449 1960 vocatur
1465 1920 1629 1961 Cononis

223 1981 416 2020 hereditas
443 1985 483 2019 et
508 1993 531 2020 a
559 1981 727 2029 Callippo
753 1980 961 2019 Callistrati
993 1980 1114 2018 fratre
1145 1979 1275 2018 eodem
1302 1985 1411 2030 patre
1437 1982 1565 2030 genito
1594 1985 1635 2021 et

223 2041 272 2079 ab
299 2041 394 2079 aliis,
446 2040 553 2079 Tunc
588 2040 641 2079 illi
678 2040 794 2078 dilato
820 2039 1024 2078 certamine
1050 2038 1097 2077 de
1123 2040 1365 2088 septuaginta
1396 2039 1507 2079 minis
1532 2040 1633 2089 paci-

220 2105 393 2148 scuntur,
430 2104 472 2138 ut
500 2099 795 2147 olympiodorus
828 2103 950 2138 totam
987 2098 1256 2148 hereditatem,
1291 2100 1491 2138 semissem
1518 2099 1632 2137 Calli-

222 2162 367 2197 stratus
393 2161 512 2208 petat.
566 2158 659 2197 Cum
686 2169 776 2197 vero
803 2158 953 2197 illorum
979 2157 1182 2196 interesset
1208 2169 1359 2198 causam
1389 2157 1540 2197 differre
1561 2157 1632 2197 hoc

222 2214 392 2267 tempore
428 2218 721 2257 Atheniensibus
759 2222 844 2257 orto
880 2219 919 2256 in
957 2217 1169 2256 Acarnania
1209 2218 1303 2257 bello
1341 2217 1633 2267 Olympiodorus

224 2290 313 2317 cum
345 2278 513 2316 exercitu
550 2277 639 2316 illuc
671 2278 864 2328 profectus
898 2282 968 2317 est.
1021 2276 1093 2316 Sed
1119 2276 1334 2315 adversarii
1359 2280 1635 2324 persuaserunt

310 2428 344 2467 1')
369 2426 463 2458 Paris
488 2426 578 2458 1875.
