1822 2904
919 148 970 187 44

239 262 312 292 non
360 253 472 302 posse
513 261 652 301 pravos
696 250 848 292 struere
885 252 1057 292 ambitus
1090 249 1193 291 recte
1225 249 1290 291 ille
1323 248 1473 294 iudicat.
1533 250 1648 292 Cuius

239 312 425 352 orationis
451 311 628 361 periodos
661 315 700 351 et
726 310 1001 366 pulcherrimas
1025 315 1066 352 et
1088 311 1184 351 artis
1210 311 1451 362 plenissimas
1473 317 1515 352 et
1539 319 1648 362 prae—

238 373 361 412 claras
389 376 509 411 vocat.
560 372 600 410 ln
625 373 679 411 eis
711 373 808 411 enim
841 372 1134 413 Demosthenem
1155 371 1367 413 ,observare
1390 372 1527 421 legem,
1551 377 1655 422 quae

238 433 368 471 iubeat
406 436 578 470 oratores
623 431 807 471 iudicialis
847 432 996 481 generis
1010 432 1037 479 ¹)
1073 441 1159 470 cum
1203 431 1359 471 studere
1395 431 1573 471 brevitati
1609 435 1651 472 et

238 491 524 541 perspicuitati,
557 495 638 530 tum
665 492 701 530 in
728 491 1126 541 comprehensionibus
1152 491 1343 531 struendis
1361 491 1585 541 praesertim
1611 484 1649 531 in

237 552 398 600 privatis
424 551 547 590 causis
579 552 615 589 id
650 562 799 600 semper
833 562 966 591 cavere
999 561 1145 591 summa
1170 550 1379 600 diligentia,
1411 544 1459 590 ne'
1484 552 1586 590 iusto
1608 552 1650 590 ot
1705 600 1711 607 1

238 621 359 659 aequo
387 610 578 658 longiores
609 611 688 649 sint
715 621 807 650 neve
833 611 881 650 ob
915 611 953 651 id
986 611 1107 660 ipsum
1135 610 1257 650 minus
1294 609 1420 650 faciles
1446 610 1649 650 intellectu.

239 670 526 710 concedendum
547 674 607 709 est
625 670 870 710 Robrmanno
896 670 1006 711 facile
1031 663 1142 719 posse
1165 669 1333 718 intellegi
1360 667 1455 719 quas
1475 670 1650 722 periodos

238 729 363 767 affert.
410 728 543 779 Neque
577 731 675 768 enim
713 730 750 768 in
784 730 909 769 verbis
940 740 1063 779 neque
1095 730 1134 767 in
1164 729 1429 768 coniunctione
1463 739 1583 778 neque
1610 729 1648 768 in

243 798 399 827 numero
436 787 672 827 offendimus.
733 782 873 828 Omnia
903 789 1004 828 inter
1042 799 1083 827 se
1114 791 1204 837 apte
1242 787 1417 826 videntur
1451 788 1650 843 coniuncta

237 850 293 886 ita
307 876 317 895 ‚
373 852 418 886 ut
463 858 600 896 magna
646 849 899 897 perspicuitas
943 852 983 888 et
1027 847 1261 886 concinnitas
1305 846 1503 886 efficiatur.
1572 847 1649 887 Sed

241 918 471 975 quamquam
497 911 610 957 aptos
639 912 680 947 et
705 907 904 947 conclusos
938 907 1148 947 invenimus
1183 906 1348 946 ambitus
1381 910 1425 946 ut
1457 907 1494 945 in
1529 906 1653 956 prims}
1706 939 1708 941 .

240 970 412 1006 oratione
449 971 584 1006 eontra
621 967 819 1017 Aphobum
854 968 909 1007 ita
942 968 980 1006 in
1016 967 1100 1006 aliis
1134 966 1372 1008 orationibus
1409 966 1650 1016 tutelaribus,

240 1026 493 1066 adolescentis
530 1027 662 1076 primis
698 1027 897 1076 operibus,
935 1031 1060 1066 tamen
1099 1027 1138 1065 in
1176 1026 1231 1076 eis
1257 1026 1311 1065 illi
1338 1026 1515 1066 videntur
1540 1025 1650 1066 nimis

240 1087 341 1135 longi
377 1097 449 1136 pro
486 1086 588 1125 tenui
626 1087 809 1125 orationis
842 1097 995 1135 genere.
1026 1108 1027 1111 =
1053 1085 1182 1135 Quod,
1216 1085 1267 1132 si,
1304 1095 1417 1134 quam
1457 1086 1650 1135 periodum

240 1151 433 1196 postremo
477 1146 591 1185 affert
632 1158 678 1185 ex
717 1157 774 1186 or.
814 1147 853 1185 in
888 1146 984 1196 Aph.
1019 1146 1045 1186 Ι.
1080 1146 1228 1184 60-61
1265 1144 1485 1196 »τοσαύτης
1517 1149 1651 1185 τοίνυν

241 1207 379 1250 οὐσίας
400 1205 748 1256 καταλειφθείσης,
776 1205 878 1257 ὅσην
903 1207 949 1252 ἐξ
972 1206 1094 1256 α’ρχῆς
1117 1203 1313 1256 ἠκούσατε
1338 1234 1348 1244 .
1375 1235 1384 1244 .
1411 1219 1458 1253 .«‚
1479 1205 1651 1255 perlege-

240 1268 373 1315 rimus,
401 1265 511 1304 nobis
529 1266 769 1315 perspicuum
787 1267 873 1306 erit.
910 1267 1030 1319 Quam
1057 1265 1259 1314 Blassius2)
1280 1268 1385 1304 recte
1406 1269 1515 1304 vocat
1538 1265 1652 1315 plane

242 1335 481 1365 numerosam
516 1325 743 1374 dignamque
775 1324 930 1364 oratore
965 1329 1165 1373 nascente,
1207 1324 1272 1365 sed
1311 1328 1466 1374 propter
1509 1326 1650 1365 multas

239 1389 280 1426 et
308 1385 511 1424 divisiones
540 1389 580 1423 ct
605 1386 863 1434 oppositiones
881 1386 992 1425 nimis
1009 1383 1171 1433 amplam
1191 1385 1413 1433 praesertim
1429 1385 1467 1424 in
1487 1385 1650 1430 iudiciali

239 1446 410 1485 oratione
435 1445 597 1494 privata.
634 1445 758 1484 Multo
784 1446 914 1494 aptius
940 1449 979 1484 et
1006 1444 1129 1483 minus
1154 1444 1354 1486 artificiose
1378 1445 1651 1493 posterioribus

243 1504 479 1553 temporibus
534 1503 827 1543 Demosthenem
882 1505 919 1544 in
967 1504 1127 1554 privatis
1178 1503 1415 1542 orationibus
1461 1503 1651 1543 breviores

240 1569 390 1604 struere
427 1564 615 1613 periodos.
669 1565 890 1613 Exemplum
927 1563 1041 1603 affert
1076 1574 1122 1602 ex
1148 1563 1337 1611 xxxvl„
1374 1567 1417 1602 41
1451 1565 1652 1602 »τοσαῦτα

239 1626 314 1673 μὲν
346 1625 485 1660 τοίνυν.
513 1621 700 1673 χρήματα
735 1623 907 1674 εἰληφώς
941 1623 1008 1661 καὶ
1039 1637 1270 1661 .......
1327 1622 1526 1670 Αρροηθτθ
1559 1621 1651 1661 mihi

240 1683 352 1723 liceat
379 1694 425 1722 ex
450 1693 587 1732 magno
614 1683 869 1733 exemplorum
891 1694 1069 1723 numero:
1107 1681 1292 1730 XXXVI„
1315 1684 1373 1721 33.
1401 1682 1509 1720 »κατ’
1533 1680 1653 1721 οὐδὲν

243 1746 392 1788 τοίνυν,
419 1736 451 1779 οῗ
469 1740 510 1780 ἅ.
527 1742 587 1788 Ἀ,
614 1742 765 1779 δίκαιον
790 1742 909 1780 οὐδὲν
924 1744 1025 1792 ἔχων
1041 1741 1173 1779 εἰπεῖν
1186 1740 1499 1784 ἀναιδεστάτους
1517 1741 1653 1789 λόγους

241 1800 393 1851 ἐτόλμα
416 1801 540 1850 λέγειν
566 1799 665 1850 πρὸς
687 1801 744 1849 τῷ
769 1800 960 1852 διαιτητῇ,
989 1799 1098 1848 περὶ.
1107 1792 1164 1837 ὦν
1189 1803 1473 1849 προακηκοέναι
1496 1796 1655 1849 βέλτιόν

242 1862 335 1901 ἐσθ’
361 1860 465 1910 ὑμᾶς
496 1860 568 1898 ἕνα
597 1861 672 1909 μὲν
694 1859 743 1898 τὸ
770 1859 970 1909 παράπαν
1007 1858 1062 1910 μή
1102 1860 1291 1908 γενέσθαι
1322 1857 1539 1908 διαθήκην,
1568 1856 1654 1896 ἀλλ’·

242 1915 346 1958 εἶναι
367 1921 485 1957 τοῦτο
503 1918 676 1968 πλάσμα
698 1919 764 1956 καὶ
785 1918 1020 1970 σκευώρημα
1042 1916 1145 1965 ὅλον,
1171 1917 1304 1967 ἕτερον
1321 1916 1357 1954 δ’
1374 1917 1490 1955 ἕνεκα
1510 1915 1666 1967 τούτου(

244 1979 383 2018 πάντα
403 1980 531 2017 ταῦτα
552 1981 764 2028 συγχωρεῖν
781 1978 853 2018 τὸν
872 1978 953 2028 πρδ
968 1979 1042 2017 τοῦ
1055 1975 1198 2027 χρόνον
1214 1976 1280 2015 καὶ
1298 1975 1385 2025 οὐχὶ
1404 1975 1654 2023 δικάζεσθαι,

243 2038 305 2078 ὅτι
327 2041 535 2087 μίσθωσιν
568 2034 718 2087 ἤθελεν
750 2036 861 2085 αὐτῷ·
896 2042 1030 2086 φέρειν
1065 2038 1251 2085 Φορμίων
1283 2035 1434 2090 πολλὴν
1467 2035 1533 2072 καὶ
1567 2034 1656 2071 ὑπι-

244 2098 402 2145 σχνεῖτο
423 2095 582 2134 arcena«
611 2116 661 2122 —
688 2099 748 2133 45.
778 2095 867 2132 »nai
889 2094 991 2143 δῆτα
1011 2093 1208 2142 θαυμάζω
1225 2095 1311 2138 πῶς
1329 2092 1377 2131 οὔ
1401 2093 1539 2141 λογίζει
1556 2091 1657 2142 πρὸς

245 2155 416 2195 σεαυτὸν
440 2152 502 2192 ὅτι
521 2154 631 2192 ἔστιν
644 2152 910 2202 Ἀρχεστράτῳ
931 2153 988 2199 τῷ·
1013 2154 1114 2189 ποτὲ
1136 2152 1209 2190 τόν
1233 2152 1308 2191 σδν
1334 2155 1491 2199 πατέρα
1512 2160 1656 2200 κτησα-

243 2218 348 2262 μένῳ
385 2211 468 2256 υἱός
498 2211 653 2250 ἐνθάδε
682 2211 926 2260 Ἀντίμαχος,
960 2207 1150 2258 πράττων
1182 2210 1230 2248 οὔ
1254 2210 1339 2248 κατ’
1365 2210 1501 2256 ἀξίαν,
1536 2207 1579 2253 ὃς
1610 2206 1657 2246 οὗ
1720 2234 1727 2237 -

244 2271 448 2318 δικάζεταί
458 2282 521 2309 σοι
537 2270 630 2308 οὐδὲ
645 2269 757 2307 δεινά
776 2280 875 2319 φησι
894 2267 1098 2318 πράττειν,
1118 2268 1155 2306 εἰ
1169 2269 1222 2307 σι)
1233 2271 1309 2319 μὲν
1324 2268 1493 2317 χλανίδα
1511 2268 1656 2317 φορεῖς,

331 2380 363 2420 1)
385 2379 432 2412 cf.
455 2378 569 2418 Quint.
593 2378 674 2412 Inst.
697 2377 766 2418 IX„
788 2378 819 2417 4,
845 2378 902 2410 124
925 2388 997 2419 sqq.

327 2431 361 2474 2)
385 2431 407 2464 l.
428 2440 457 2463 e.
479 2441 511 2472 p.
525 2429 709 2463 '125-126.
