1822 2904
233 255 285 296 Ut
317 252 523 294 orationes.
542 251 696 292 XXXV.
722 253 772 297 >et
797 251 966 291 XLVIII.
993 250 1047 290 ita
1072 260 1127 288 or.
1153 249 1289 290 XLIII.
1317 259 1393 288 non
1419 260 1530 299 posse

137 328 162 357 a
197 314 451 359 Demosthene
497 311 738 361 compositam
783 306 868 355 esse
914 313 1076 361 apparet
1116 321 1161 349 ex
1199 309 1535 359 argumentationis

91 384 93 387 ’
136 375 293 423 ratione,
309 381 418 425 ,quae
444 371 484 410 in
508 381 553 410 ea
577 372 764 420 usurpata
787 372 860 408 est.
910 368 1006 409 Nam
1031 369 1078 408 A.
1101 368 1148 408 G.
1172 368 1415 418 Beckerus¹),
1449 379 1533 408 cum

136 444 218 475 eam
245 431 411 471 oratoria
435 432 519 469 arte
545 438 727 478 superare
750 427 845 469 Isaei
871 427 1082 479 orationem
1104 427 1152 467 de
1167 426 1300 467 eadem
1317 426 1532 468 hereditate

138 493 342 539 iudicaret,
379 490 507 538 lapsus
541 490 600 526 est
632 487 670 526 in
703 497 948 535 permagnum
980 487 1105 527 iudicii
1141 498 1318 526 errorem.
1372 486 1442 526 Cui
1474 498 1532 525 re-

135 552 308 604 pugnant
334 552 375 587 et
402 545 593 586 Arnoldus
617 544 828 592 Schaefer2)
863 548 902 583 et
937 545 1150 585 Fridericus
1175 545 1342 594 Blass⁸)‚
1376 555 1533 594 quorum

135 613 293 660 uterque
314 606 410 645 Isaei
435 607 475 643 et
499 603 767 653 expositionem
794 606 834 642 et
859 605 1225 652 argumentationem
1248 608 1287 643 et
1309 602 1532 643 rhetoricam

136 671 256 707 artem
282 663 450 714 praefert
474 663 520 713 ei,
545 663 609 711 qui
634 661 841 701 orationem
868 663 906 700 in
925 661 1179 702 Macartatum
1196 663 1360 712 scripsit.
1410 661 1530 709 Quam

138 725 362 766 sententiam
395 721 565 771 equidem
590 720 671 760 fieri
697 732 771 760 non
797 725 925 771 potest
949 722 1037 772 quin
1064 722 1228 771 probem.
1281 722 1377 762 Nam
1403 732 1531 772 quam-

136 794 250 833 quam
280 781 557 821 concedendum
589 783 648 819 est
681 780 828 819 Isaeum
860 782 961 820 omni
995 782 1191 831 aequitate
1225 781 1398 830 neglecta
1423 782 1467 819 ut
1491 781 1530 819 in

134 841 219 882 aliis
253 839 486 881 orationibus
520 839 574 878 ita
612 838 650 878 in
688 838 759 879 hac
791 839 923 879 callide
957 840 1108 879 mentiri
1143 840 1191 879 de
1224 840 1306 879 iure
1335 844 1375 880 et
1399 851 1465 880 suo
1492 843 1532 879 et

137 900 344 940 adversarii
369 899 487 947 legem
514 898 774 938 hereditariam
796 911 871 938 non
892 903 994 938 recte
1012 899 1257 947 interpretari
1279 899 1345 938 sed
1368 900 1406 938 in
1420 911 1529 938 suum

136 959 388 1008 commodum,
427 962 554 997 tamen
581 968 719 1007 magna
742 962 827 997 arte
852 959 932 997 eius
959 958 1081 996 oratio
1106 959 1312 1007 composita
1337 961 1405 998 est.
1453 958 1530 997 Ex·

135 1018 279 1058 ordium
304 1017 424 1067 ipsum
449 1017 577 1055 statim
604 1018 749 1056 initium
775 1018 876 1066 capit
899 1017 947 1055 ab
973 1028 1035 1065 eo,
1062 1017 1163 1065 quod
1190 1018 1430 1066 praecipuum
1457 1020 1529 1065 est,

133 1088 157 1115 a
193 1077 275 1116 iure
313 1075 553 1114 hereditario.
615 1076 709 1114 Tum
744 1075 915 1124 sequitur
951 1076 1130 1114 narratio.
1182 1076 1258 1114 Res
1293 1075 1455 1114 dilucide
1490 1078 1530 1114 et

132 1132 558 1184 breviter'exponuntur
584 1134 649 1183 ita,
677 1137 721 1173 ut
745 1134 837 1174 nihil
863 1134 1134 1183 supervacanei
1159 1133 1334 1174 addatur.
1384 1134 1529 1174 Deinde

135 1195 398 1243 Theopompus
431 1204 576 1232 summa
604 1194 742 1242 ingenii
765 1194 847 1233 acie
873 1195 1056 1242 optimum
1083 1205 1192 1233 suum
1219 1195 1278 1233 ius
1306 1193 1529 1232 hereditatis

133 1253 383 1300 demonstrat,
418 1252 634 1292 adversario
669 1253 820 1292 omnino
855 1252 1001 1292 nullum
1037 1252 1097 1291 ius
1128 1263 1211 1292 esse
1235 1252 1384 1303 probat.
1432 1252 1528 1291 Tum

134 1312 258 1352 omnia
271 1343 281 1362 ‚
317 1312 454 1361 quibus
483 1312 544 1351 ille
576 1315 687 1351 extra
719 1323 869 1352 causam
897 1312 935 1351 in
961 1324 1046 1352 eum
1071 1314 1238 1352 invectus
1265 1315 1344 1361 est,
1381 1311 1529 1360 refellit,

134 1371 372 1419 exceptiones
406 1371 593 1419 singulas,
628 1370 764 1419 quibus
800 1371 864 1409 ille
894 1381 984 1409 usus
1012 1374 1092 1419 est,
1125 1370 1278 1410 refutat.
1329 1370 1528 1409 Postremo

130 1427 378 1470 accusationis
407 1430 527 1469 forma
550 1429 791 1470 vehementer
815 1430 1114 1480 reprehenditur.
1168 1431 1384 1470 Orationem
1411 1431 1528 1479 igitur

130 1490 385 1537 cognoscimus
438 1493 478 1528 et
530 1490 765 1538 perspicuam
824 1492 863 1527 et
916 1489 1009 1528 bene
1062 1492 1306 1539 compositam
1366 1496 1406 1530 et
1460 1491 1525 1530 ab·

133 1547 292 1588 solutam
330 1551 369 1587 et
404 1548 574 1597 dignam,
609 1548 668 1586 cui
702 1548 920 1588 tribuantur
955 1549 1113 1589 virtutes
1148 1552 1188 1589 et
1212 1550 1462 1599 simplicitatis
1487 1553 1526 1590 et

129 1608 339 1648 brevitatis.

228 1677 343 1717 Nullo
377 1677 473 1716 enim
511 1676 694 1716 orationis
728 1676 810 1716 loco
844 1680 975 1717 orator
1005 1688 1029 1716 a
1062 1689 1104 1717 re
1138 1678 1364 1727 digreditur,
1400 1678 1526 1718 omnia

131 1738 231 1777 inter
267 1749 308 1776 se
347 1748 573 1786 congruere,
614 1736 738 1775 omnia
776 1748 849 1775 non
889 1737 1009 1776 solum
1047 1743 1157 1787 apta,
1201 1739 1266 1777 sed
1314 1739 1526 1778 necessaria

129 1796 315 1835 videntur.
357 1817 400 1824 -
441 1796 508 1835 Oui
548 1795 713 1833 orationi
756 1796 789 1833 si
830 1806 1088 1844 comparamus
1125 1808 1207 1836 eam
1251 1808 1349 1845 quae
1390 1801 1450 1835 est
1485 1798 1524 1835 in

129 1855 393 1904 Macartatum,
418 1854 515 1893 hanc
540 1853 657 1894 multo
684 1854 826 1894 minore
854 1858 938 1894 arte
968 1856 1214 1905 compositam
1237 1866 1319 1895 esse
1338 1866 1406 1895 nos
1429 1854 1525 1895 iudi-

129 1925 215 1954 care
249 1925 402 1953 necesse
435 1919 503 1953 est.
551 1913 738 1953 Imbecilla
764 1915 863 1953 enim
890 1918 1048 1964 apparet
1075 1915 1365 1964 argumentatio.
1416 1913 1525 1953 Infir-

129 1973 305 2013 missimis
352 1973 448 2012 enim
493 1973 725 2021 argumentis
769 1974 872 2013 nisus
907 1977 1037 2013 orator
1071 1974 1256 2014 iudicibus
1292 1973 1524 2024 persuadere

129 2037 299 2082 conatur,
324 2037 367 2073 ut
389 2032 460 2072 sibi
480 2031 694 2071 adiudicent
715 2044 797 2072 eam
814 2032 1072 2082 hereditatem,
1096 2044 1194 2082 quae
1206 2034 1260 2073 illi
1273 2033 1523 2083 compluribus

129 2091 238 2130 annis
262 2096 351 2130 ante
375 2090 593 2131 abiudicata
620 2095 691 2131 est.
741 2091 859 2141 Nam,
895 2092 994 2141 quod
1020 2096 1135 2142 caput
1160 2096 1263 2140 erat,
1296 2093 1355 2131 lex
1379 2092 1525 2131 heredi·

129 2150 230 2190 taria
266 2150 380 2190 semel
415 2154 563 2190 tantum
595 2153 712 2200 atque
745 2161 828 2190 sero
864 2150 1045 2201 (52—53)
1081 2151 1263 2191 recitatur
1302 2155 1342 2190 et
1374 2161 1421 2190 ne
1453 2150 1524 2192 hoc

129 2209 278 2260 quidem
305 2209 387 2248 loco
412 2210 506 2249 satis
532 2215 711 2250 accurate
735 2211 961 2252 illustratur.
1013 2211 1158 2250 Eadem
1179 2212 1217 2250 in
1237 2211 1334 2250 Isaei
1353 2210 1524 2251 oratione

213 2346 247 2386 1)
268 2345 291 2379 1.
313 2355 341 2379 e.
362 2345 405 2379 11.
426 2356 458 2388 p.
479 2344 602 2385 436187.

209 2397 244 2439 2)
266 2398 288 2431 1.
312 2407 339 2431 ο.
361 2407 394 2439 p.
416 2397 488 2431 235.

207 2448 241 2493 3)
264 2449 286 2483 l.
310 2459 337 2483 c.
359 2448 402 2483 11.
425 2460 458 2496 p.
479 2448 551 2483 470.
574 2449 644 2486 554.
