1822 2904
753 169 794 205 11

172 273 339 322 Hagnias
353 274 415 322 IL,
443 273 490 312 de
516 273 622 312 cuius
648 272 859 312 hereditate
884 273 924 311 in
946 275 1110 323 utraque
1138 273 1310 312 oratione
1335 272 1472 320 agitur,

73 337 244 372 mortuus
272 337 332 372 est
359 333 440 371 sine
465 330 606 371 liberis.
656 332 732 370 Sed
759 332 900 370 sororis
925 331 1038 369 filiam
1065 331 1258 380 adoptavit
1278 331 1473 369 heredem-

74 403 146 443 que
172 393 337 432 omnium
363 391 543 431 bonorum
569 390 667 430 fecit.
718 390 801 430 No'n
827 390 944 430 multo
970 394 1058 440 post
1085 391 1156 430 hac
1181 391 1306 441 puella
1327 395 1477 430 mortua

76 452 246 502 Hagniae
268 452 330 502 II.,
358 452 390 491 si
412 452 559 491 Isaeum
585 451 623 501 (ἓ
634 451 749 500 8-9)
774 451 975 500 sequimur,
1000 451 1119 490 frater
1139 452 1308 491 uterinus
1323 451 1476 500 Glauco,

76 513 108 553 si
134 513 341 552 orationem
367 511 640 550 Macartateam
676 511 887 560 sequimur,
920 510 1061 550 fratres
1087 512 1223 551 uterini
1250 513 1415 551 Glaucus
1439 516 1479 551 et

78 572 222 613 Glauco
270 575 499 611 testamento
542 571 635 620 nisi,
681 582 754 620 quo
798 575 1002 620 appareret
1044 572 1093 610 ad
1141 583 1180 610 se
1230 572 1477 611 hereditatem

77 632 315 671 deferendam
341 642 437 679 esse,
464 631 496 670 si
517 631 658 669 sororis
677 630 775 669 filiae
788 631 877 679 quid
890 631 1089 678 accideret,
1118 632 1289 670 omnibus
1303 631 1478 679 Hagniae

76 692 184 731 bonis
212 691 324 741 potiti
352 695 455 730 sunt.
507 691 563 729 Ea
589 694 713 730 tamen
740 691 864 740 paullo
889 694 976 740 post
1003 692 1239 730 transierunt
1265 691 1477 741 ad'Phylo-

77 750 231 790 macheu
250 751 319 799 II.‚-·
337 761 406 799 pro
431 761 507 799 qua
531 750 721 789 Eubulida
743 750 791 789 II.
817 754 928 799 patre
953 754 1098 789 mortuo
1125 751 1319 790 Sositheus
1343 752 1477 791 coniux

76 810 157 850 eius
196 810 338 859 prodiit
370 810 629 859 iudicibusque
662 811 852 859 persuasit
885 810 973 850 illud
1012 815 1280 850 testamentum
1315 823 1390 850 non
1428 811 1475 850 ab

78 870 229 919 Hagnia
262 870 528 919 compositum,
566 870 631 908 sed
659 870 693 908 ei
717 870 950 919 suppositum
978 882 1081 919 esse;
1116 872 1322 919 proximum
1349 875 1476 909 autem

78 929 371 979 propinquitatis
404 929 461 969 ius
495 940 578 968 esse
603 928 878 978 Phylomachae
905 930 953 968 ΙΙ.
987 933 1030 968 ut
1062 929 1162 969 filiae
1188 930 1402 970 Eubulidae
1430 931 1476 970 11.

77 989 150 1028 Sed
183 1001 231 1029 ne
261 990 353 1029 haec
382 989 532 1037 quidem
565 989 788 1028 hereditatis
812 991 1046 1037 possessione
1073 990 1136 1028 diu
1164 1002 1233 1028 usa
1259 994 1329 1028 est.
1382 991 1476 1029 Nam

77 1054 117 1091 in
144 1060 225 1087 eam
250 1049 440 1098 impetum.
456 1048 628 1086 fecerunt
649 1058 732 1086 cum
754 1048 835 1095 alii,
861 1049 910 1086 de
933 1059 1093 1097 quorum
1114 1049 1327 1087 nominibus
1346 1050 1476 1087 Isaeus

78 1110 315 1159 scriptorque
338 1107 520 1146 orationis
547 1106 803 1146 Macartateae
827 1107 1061 1156 discrepant,
1098 1111 1177 1146 tum
1204 1108 1479 1157 Theopompus,

79 1171 141 1219 qui
175 1169 294 1218 primo
328 1178 404 1206 una
438 1178 521 1205 cum
558 1167 702 1206 Stratio
735 1167 783 1205 ΙΙ.
818 1170 859 1205 et
891 1167 1079 1205 Stratocle
1117 1166 1218 1205 litem
1263 1172 1479 1216 paraverat,

81 1228 216 1268 deinde
249 1228 303 1266 eis
334 1227 492 1265 mortuis
529 1226 630 1265 solus
660 1229 780 1265 totam
807 1225 980 1274 Hagniae
1006 1226 1253 1265 hereditatem
1281 1228 1402 1276 petiit.
1432 1250 1480 1255 —

79 1288 223 1329 Ceteris
257 1286 417 1335 repulsis
442 1285 496 1324 illi
522 1286 701 1334 contigit,
733 1289 794 1334 ut,
829 1297 911 1325 cum
939 1286 1211 1335 Phylomachcn
1238 1288 1265 1325 Ι.
1293 1298 1366 1325 non
1396 1298 1480 1326 esse

78 1346 286 1386 Polemonis
319 1356 485 1383 sororem
523 1345 571 1383 ab
607 1345 736 1384 eodem
770 1349 881 1393 patre
916 1346 1101 1393 genitam,
1135 1358 1180 1384 ex
1207 1347 1337 1384 eadem
1365 1348 1482 1395 igitur

78 1407 187 1446 domo
214 1409 330 1455 atque
356 1404 542 1453 Hagniam
571 1405 619 1444 ΙΙ.
648 1416 721 1444 non
748 1408 870 1444 ortam
896 1405 1097 1454 probaret,
1124 1406 1204 1455 ipse
1230 1406 1332 1445 solus
1360 1419 1481 1446 rema-

79 1470 206 1514 neret,
238 1466 298 1505 cui
326 1465 424 1503 bona
448 1464 655 1503 adiudicari
678 1468 845 1513 possent.
893 1465 1028 1513 Neque
1050 1477 1139 1504 vero
1167 1466 1285 1503 multo
1313 1471 1482 1515 tempore

78 1525 272 1565 interiecto
307 1523 566 1563 accusationes
602 1524 650 1562 de
682 1523 787 1563 falsis
821 1524 1046 1564 testimoniis
1082 1525 1119 1563 in
1154 1536 1240 1564 eum
1274 1525 1480 1566 instructas

78 1597 161 1625 esse
194 1597 241 1624 ex
273 1585 379 1623 Isaeo
413 1582 458 1631 (ξ
484 1582 553 1631 45)
588 1584 848 1632 comperimus.
899 1584 1032 1631 Neque
1065 1595 1155 1622 vero
1191 1585 1243 1622 eis
1275 1585 1480 1634 quidquam

79 1645 253 1685 effectum
287 1646 357 1681 est.
408 1641 537 1691 Neque
571 1642 726 1681 meliore
760 1645 897 1682 eventu
933 1653 1025 1681 usus
1056 1646 1116 1681 est
1142 1643 1340 1682 Stratoclis
1368 1644 1480 1694 filius,

79 1715 149 1754 pro
168 1714 241 1752 quo
265 1702 364 1741 alter
383 1705 487 1740 tutor
507 1702 545 1739 in
561 1701 844 1751 Theopompum
857 1723 904 1730 --
919 1702 984 1750 qui
1004 1703 1083 1750 ipse
1104 1703 1176 1741 fuit
1197 1704 1295 1741 alter
1316 1707 1419 1742 tutor
1435 1725 1478 1732 -—

78 1759 227 1812 litemff)
249 1762 388 1810 intulit,
413 1761 511 1810 quod
534 1761 674 1810 pupillo
701 1761 894 1800 dimidium
918 1761 1138 1799 hereditatis
1160 1772 1234 1799 non
1248 1762 1481 1802 tradidisset.

81 1823 192 1871 Quod
227 1821 350 1861 facere
385 1832 469 1860 eum
505 1822 716 1870 oportuisse
753 1821 799 1861 de
835 1821 978 1860 duabus
1011 1821 1145 1860 causis.
1197 1821 1294 1860 Nam
1318 1823 1479 1871 primum

81 1882 278 1924 Stratoclis
303 1881 381 1920 filio
407 1881 506 1920 idem
532 1882 589 1920 ius
617 1891 700 1920 esse
727 1881 1018 1930 propinquitatis
1045 1885 1159 1930 atque
1184 1881 1256 1930 illi,
1283 1885 1364 1920 tum
1390 1893 1479 1922 vero

80 1944 202 1995 ipsum
238 1941 515 1991 Theopompum
559 1953 632 1981 non
670 1942 792 1982 solum
827 1942 1002 1982 Stratocli
1037 1942 1143 1990 vivo,
1185 1953 1268 1981 cum
1304 1942 1406 1981 litem
1441 1944 1479 1982 in

78 2003 351 2053 Phylomachen
385 2013 459 2041 una
492 2002 750 2048 intenderent,
781 2002 1013 2051 promisisse,
1051 2002 1081 2040 si
1114 2002 1146 2040 is
1176 2012 1290 2041 causa
1315 2003 1479 2042 nondum

80 2063 244 2102 iudicata
269 2065 492 2110 moreretur,
518 2073 559 2100 se
585 2073 670 2101 cum
695 2062 775 2101 eius
798 2061 874 2100 filio
903 2062 1002 2100 bona
1020 2061 1190 2109 Hagniae
1205 2062 1254 2100 11.
1280 2063 1481 2101 communi-

80 2126 253 2162 caturum
280 2132 373 2169 esse,
400 2121 465 2160 sed
491 2122 605 2160 etiam
626 2121 813 2160 Stratocle
838 2121 912 2159 iam
936 2124 1085 2160 mortuo
1112 2121 1208 2159 idem
1234 2122 1481 2169 spopondisse

80 2182 238 2232 pupillm
276 2182 320 2220 ln
335 2192 447 2231 quam
472 2182 748 2220 accusationem
772 2181 902 2220 Isaeus
926 2192 994 2229 pro
1009 2181 1249 2229 Theopompo
1272 2181 1480 2219 orationem

81 2242 252 2291 scripsit,
287 2252 381 2290 quae
417 2244 544 2279 exstat
580 2241 694 2290 »περὶ
728 2242 800 2279 τοῦ
833 2240 975 2289 Ἁγνίου
1008 2240 1185 2290 κλήρου.«
1245 2239 1326 2286 Qua
1363 2251 1486 2289 neque

82 2301 283 2349 secundum
318 2300 421 2348 leges
448 2300 494 2338 de
521 2301 810 2349 propinquitatis
837 2301 917 2339 iure
945 2300 1144 2339 Stratoclis
1171 2299 1284 2337 filium
1312 2299 1486 2347 Hagniae

164 2456 195 2491 l)
221 2455 406 2493 ›u’cayycltu
429 2455 582 2489 κακώσεως
603 2454 742 2493 ὀρφανῶν
757 2468 771 2482 «
