1822 2904
913 159 962 196 30

229 263 476 303 statuamus?
529 262 793 312 Theopompus
828 264 978 302 omnino
1015 274 1089 303 non
1121 264 1247 313 potuit
1280 264 1555 315 Phylomachen'
1581 265 1629 305 11.
1659 261 1663 264 ’
1705 263 1708 266 ’

226 327 375 373 petere,
408 334 492 363 cum
520 322 737 372 Apolexidis
769 321 974 371 Prospaltii
1008 323 1087 362 filia
1125 323 1205 362 eius
1243 334 1339 362 uxor
1377 325 1521 374 esset1).
1542 354 1545 357 -
1569 324 1629 365 De

226 383 362 426 ceteris
396 382 559 431 legibus,
593 393 688 431 quae
714 382 942 431 recitantur,
978 386 1152 422 accurate
1178 382 1301 421 dicere
1327 382 1415 422 mihi
1441 394 1513 422 nou
1538 395 1625 434 pro·

226 444 346 492 posui.
399 442 436 481 ld
472 453 764 482 commemorare
798 442 893 481 satis
931 443 981 481 sit
1014 453 1080 481 eas
1111 453 1239 481 omnes
1273 443 1377 481 nulla
1405 444 1553 483 ratione
1577 444 1627 483 ad

226 514 379 542 causam
428 503 546 552 ipsam
587 502 787 551 pertinere.
841 501 938 540 Nam
979 503 1199 551 propinquis
1242 514 1329 541 num
1374 502 1497 542 officia
1540 503 1626 552 sint,

222 562 311 612 quid
338 563 387 602 ad
415 562 524 602 rem?
573 561 731 612 Propius
758 572 848 601 vero
874 562 932 601 ius
960 562 1035 601 utri
1063 566 1176 610 esset,
1203 561 1461 602 Eubulidaene
1486 563 1552 603 111.
1579 573 1628 602 au

223 623 467 672 Theopompo
495 634 562 661 seu
587 623 821 670 Macartato,
856 622 893 660 id
930 625 1120 661 oratorem
1156 623 1325 671 oportuit
1353 622 1625 662 demonstrare.

223 683 298 722 Sed
326 682 385 721 hic
411 682 551 720 multas
578 681 804 730 proferendo
832 681 935 730 leges
960 682 1130 730 quamvis
1157 682 1259 720 haud
1281 685 1391 731 aptas
1413 693 1461 721 ne
1475 682 1626 722 oraculo

224 742 372 792 quidem
391 742 529 781 omisso
543 741 693 780 videtur
714 742 902 781 occultare
923 740 1106 780 infirmam
1126 743 1491 791 argumentationem
1508 752 1625 782 suam.

224 803 382 841 Praeter
416 813 495 844 eas,
515 802 639 850 leges,
675 802 712 839 in
748 802 882 850 quibus
916 803 1043 849 agitur
1076 802 1123 840 de
1156 803 1450 850 propinquorum
1484 803 1626 851 officiis,

226 865 357 900 orator
384 861 421 899 in
451 860 526 909 §71
559 861 709 899 recitari
736 860 841 899 iubet
867 861 1000 910 legem,
1025 871 1123 910 quae
1148 864 1254 901 vetat
1276 861 1393 901 olivas
1416 862 1627 912 exstirpari.

226 921 347 970 Quam
371 920 652 970 Theopompum
676 932 750 960 non
771 920 994 960 observasse
1017 922 1232 960 testimonio
1259 922 1466 962 confirmat.
1518 923 1627 962 Illum

228 982 324 1019 enim
358 981 395 1018 in
422 980 596 1027 Hagniae
622 980 665 1018 II.
699 980 822 1018 fundis
856 980 983 1028 plures
1019 991 1128 1029 quam
1163 981 1260 1020 mille
1293 982 1410 1020 olivas
1436 982 1628 1020 excidisse.

228 1040 335 1088 Quod
364 1039 510 1079 etiamsi
539 1039 590 1078 sit
615 1051 755 1088 verum,
782 1040 872 1089 quid
898 1040 1062 1090 pertinet
1086 1040 1135 1079 ad
1162 1041 1267 1081 rem?
1315 1042 1428 1091 Immo
1450 1041 1529 1081 fieri
1553 1052 1626 1081 non

228 1104 356 1149 potest
396 1101 483 1148 quin
530 1100 846 1149 reprehendamus
886 1101 1175 1148 imprudentiam
1212 1104 1394 1150 oratoris,
1436 1103 1497 1150 qui
1535 1101 1627 1139 haec

226 1159 406 1209 proferat.
457 1159 541 1208 Ipse
575 1159 671 1197 enim
701 1158 863 1197 officium
897 1169 1005 1198 suum
1037 1159 1222 1209 neglexit,
1259 1161 1396 1210 quippe
1422 1161 1504 1210 qui,
1539 1171 1624 1200 cum

227 1220 456 1269 Theopompi
496 1219 674 1258 delictum
711 1219 875 1268 videret,
917 1231 991 1258 non
1036 1220 1074 1258 in
1111 1231 1193 1259 eum
1229 1221 1443 1260 intenderet
1475 1221 1628 1271 γραφήν

227 1278 482 1329 παρανόμων.
532 1278 726 1327 Reliquum
762 1282 836 1327 est,
875 1283 917 1317 ut
948 1290 995 1317 ne
1019 1279 1058 1317 in
1086 1279 1140 1317 eis
1166 1280 1338 1329 quidem,
1372 1290 1469 1328 quae
1496 1283 1627 1319 orator

227 1341 264 1379 in
291 1339 338 1390 ἐξ
366 1343 412 1378 79
440 1342 478 1378 et
502 1339 551 1377 80
577 1338 746 1387 exponit,
781 1338 1059 1387 Theopompum
1093 1349 1176 1377 cum
1211 1339 1320 1378 domo
1347 1350 1417 1378 sua
1444 1350 1516 1378 non
1542 1350 1624 1378 esse

225 1399 445 1449 participem
481 1397 687 1437 communis
719 1397 980 1436 Buselidarum
1019 1397 1200 1446 sepulcri,
1235 1401 1379 1436 certum
1406 1408 1489 1437 esse
1513 1409 1624 1446 argu-

224 1461 389 1498 mentum
424 1469 718 1498 commemorem.
769 1457 872 1506 Ergo
908 1464 1028 1507 usque
1062 1458 1111 1497 ad
1138 1458 1407 1497 conclusionem
1437 1461 1622 1498 oratorem

224 1519 481 1568 cognoscimus
517 1518 689 1557 similiter
723 1520 838 1568 atque
870 1518 908 1556 in
933 1518 1106 1556 oratione
1133 1518 1301 1557 XLVIII.
1328 1522 1366 1557 et
1390 1528 1522 1566 parum
1549 1517 1624 1556 cal—

222 1579 338 1618 lidum
364 1582 403 1617 et
430 1589 526 1626 eum,
553 1578 617 1626 qui
643 1577 769 1616 multis
795 1581 834 1616 et
861 1578 1036 1616 inanibus
1068 1581 1200 1618 utatur
1223 1578 1359 1626 verbis,
1385 1577 1484 1616 haud
1509 1588 1623 1626 argu·

223 1639 370 1678 mentis.
425 1638 581 1685 Qualem
619 1637 733 1676 fuisse
760 1637 1049 1676 Demosthenem
1086 1648 1193 1676 nemo
1232 1637 1306 1676 erit
1332 1637 1395 1686 qui
1426 1640 1546 1686 putet.
1575 1659 1622 1666 -ω

227 1699 375 1737 Etenim
402 1698 432 1736 si
460 1697 683 1736 conferimus
711 1698 792 1736 eius
819 1697 1001 1746 genuinas
1036 1698 1224 1736 orationes
1250 1698 1288 1736 in
1315 1696 1473 1746 privatis
1499 1697 1624 1736 causis

225 1758 395 1806 habitas,
433 1757 624 1796 orationes
661 1757 698 1795 in
727 1756 915 1797 Cononem
954 1760 992 1795 et
1027 1768 1097 1805 pro
1123 1756 1347 1795 Phormione
1383 1759 1427 1794 ut
1459 1756 1622 1805 antiquis

224 1817 456 1866 temporibus
490 1828 658 1855 summae
692 1817 930 1856 admirationi
966 1817 1137 1866 fuerunt,
1183 1817 1239 1855 ita
1275 1816 1333 1855 his
1367 1816 1416 1855 ab
1450 1816 1622 1855 omnibus

222 1877 465 1923 laudantur2)
498 1880 652 1925 propter
685 1877 880 1915 veritatem
915 1879 954 1915 et
991 1876 1268 1924 simplicitatem
1295 1876 1334 1914 in
1361 1875 1552 1914 narrando
1582 1878 1623 1915 et

222 1936 536 1986 argumentando.
584 1937 675 1975 Item
704 1936 888 1975 orationis
915 1937 953 1974 in
978 1935 1199 1974 Eubulidam
1223 1935 1407 1985 insignem
1430 1935 1622 1984 cognosci·

220 2008 303 2036 mus
325 1996 692 2045 argumentationem
706 1996 842 2043 esse8).
895 1995 1098 2044 Praecipue
1122 1995 1161 2033 in
1186 1994 1245 2033 his
1272 1994 1504 2034 orationibus
1527 1995 1622 2034 istas

223 2057 492 2106 digressiones,
529 2066 623 2105 quas
650 2055 687 2094 in
715 2055 788 2105 eis,
821 2054 868 2094 de
895 2055 1031 2104 quibus
1059 2055 1226 2104 agimus„
1253 2065 1429 2104 magnum
1455 2054 1621 2104 spatium

303 2198 336 2236 1)
360 2197 460 2239 Quae,
485 2207 560 2230 cum
571 2196 803 2239 Theopompus
825 2194 1084 2229 controversiam
1106 2205 1180 2228 cum
1194 2194 1370 2228 Stratoclia
1388 2195 1456 2228 filio
1473 2194 1622 2234 haberet,

219 2250 277 2282 diu
307 2249 373 2282 iam
405 2249 517 2282 fuerat
545 2249 615 2282 eius
648 2258 740 2282 uxor.
795 2248 1003 2281 Macar-tatus
1040 2246 1127 2280 enim
1163 2246 1229 2279 iam
1261 2245 1389 2288 pridem
1420 2248 1520 2279 natus
1548 2249 1623 2280 erat

219 2302 465 2343 adoptatusque
487 2300 520 2332 in
548 2300 705 2333 avunculi
727 2301 871 2332 domum.

302 2353 335 2393 2)
367 2352 415 2385 cf.
445 2353 484 2384 A.
514 2352 725 2385 Schaeferum
756 2352 815 2384 III.
845 2352 875 2384 2.
917 2363 947 2394 p.
976 2352 1047 2384 251.
1079 2349 1261 2389 167-168;
1309 2349 1474 2384 Blassium
1503 2350 1562 2384 ΠΙ.
1594 2351 1622 2383 1.

223 2417 255 2448 p.
275 2405 337 2438 402
359 2415 430 2446 sqq.
451 2404 513 2436 407
535 2415 606 2446 sqq.

303 2457 337 2497 3)
359 2455 406 2488 cf.
430 2455 592 2488 Blassium
615 2466 646 2497 p.
666 2456 738 2488 431.
