1822 2904
932 163 984 201 50

255 266 506 317 offenderunt,
532 267 732 318 praecipue
755 269 1048 319 propter-nimis
1061 268 1299 318 frequentem
1320 279 1431 309 usum
1452 268 1657 320 copulae

249 329 333 367 καὶ
366 332 408 369 et
440 331 598 378 propter
630 329 1115 379 pravam-complexionem
1151 328 1424 369 sententiarum
1461 330 1655 379 malosque

250 390 447 437 transitus,
473 389 521 428 de
546 389 682 438 quibus
706 389 782 428 iam
805 400 923 439 supra
948 389 1107 437 disserui
1134 391 1175 429 et
1200 389 1240 427 in
1266 386 1314 437 ἐξ
1335 391 1351 429 l
1369 399 1448 438 sqq-
1475 393 1517 430 et
1535 389 1655 440 iisqq.

250 454 290 488 et
324 453 346 488 6
379 459 461 499 sqq.
538 449 745 488 Praeterea
782 450 821 489 in
860 450 882 499 ξ
916 454 940 489 4
985 449 1322 489 animadvertimus
1368 449 1657 499 constructionis

249 509 496 550 mutationem
524 510 641 548 »καθ’
666 507 820 560 οὕσπερ
845 524 879 549 τ.
897 521 933 550 σ.
959 508 1209 560 ἐποιησάμην
1233 508 1398 558 ἀδελφῷ
1418 506 1504 548 ὄντι
1527 508 1656 558 τούτῳ

250 570 401 608 ἐκείνου
434 569 500 607 καὶ
534 570 663 617 ἔχοντι
692 600 701 608 .
733 599 743 608 .
773 600 782 608 .
809 570 875 608 καὶ
906 569 1131 620 almvm-dum
1164 566 1250 607 ὄντι
1283 597 1292 606 .
1323 597 1331 607 .
1360 597 1370 607 .
1401 569 1467 607 καὶ
1501 568 1572 607 οὐκ
1604 566 1657 606 ἄν

250 630 405 677 ἔχοντος
427 627 571 668 τούτου
592 629 728 683 δεῖξαι
748 658 917 669 ......
921 643 940 665 c
992 629 1222 668 Particulam
1245 639 1334 667 vero
1354 628 1421 666 καὶ
1445 629 1508 668 illo
1529 639 1656 678 sensu,

248 701 362 739 quem
399 690 638 739 exposuimus
651 721 660 739 ,
695 689 797 729 haud
833 691 959 730 minus
991 690 1031 729 in
1064 689 1136 729 hac
1167 689 1337 728 oratione
1368 699 1484 739 quam
1516 688 1655 728 inillis

248 749 481 797 paratactice
507 752 729 798 usurpatam
754 750 965 788 invenimus
990 750 1029 787 in
1054 749 1324 798 paragraphisz
1353 752 1387 797 5,
1413 751 1447 796 6,
1475 752 1512 797 7,
1531 749 1569 797 8,
1596 750 1654 796 16,

250 811 309 858 22,
345 811 404 858 28,
439 811 486 848 29
514 808 766 859 (quinquies),
800 812 849 848 30
872 809 984 860 (bis),
1022 811 1068 848 31
1097 808 1210 859 (bis),
1247 811 1306 857 32,
1335 810 1394 857 33,
1423 810 1481 857 37,
1507 811 1573 857 42,
1593 810 1654 857 45,

249 873 309 917 47,
335 872 395 918 49,
421 869 470 908 53
495 869 607 918 (bis),
631 872 702 908 56:
728 872 783 909 26
809 870 879 909 loci
904 870 942 908 in
969 872 1021 908 47
1046 869 1105 918 ἐς.

351 938 586 989 compluries
612 940 791 990 deinceps
817 940 873 979 ita
899 940 1026 990 posita
1050 942 1110 980 est
1135 943 1176 979 et
1200 940 1239 979 in
1263 939 1288 989 g
1309 941 1356 978 29
1384 938 1487 977 »καὶ
1511 938 1560 977 τὰ
1582 939 1657 988 μὲν

251 1000 392 1039 πλοῖον
428 997 549 1048 ὥρμει
584 1030 592 1037 .
630 1030 639 1038 .
675 1031 684 1039 .
721 1001 806 1038 καὶ
845 1000 957 1050 ἡμεῖς
989 999 1213 1050 προςιόντες
1248 993 1529 1047 διελεγόμεθα,
1571 997 1655 1035 καὶ

250 1057 483 1108 ἐκελεύομεν
491 1088 738 1106 ......
775 1060 857 1097 καὶ
897 1060 1012 1111 ἡμεῖς
1041 1059 1195 1104 τούτοις
1234 1060 1433 1108 προςῇμεν
1468 1057 1552 1095 καὶ
1585 1055 1655 1106 ἅμ’

248 1120 554 1168 ἐπεσκοποῦμεν
582 1149 591 1158 .
619 1150 626 1158 .
658 1135 691 1158 .«
719 1122 759 1158 et
786 1120 825 1158 in
853 1118 900 1168 §g
928 1122 1086 1159 30—31.

349 1179 554 1219 Conclusas
582 1182 627 1217 ut
651 1179 828 1228 periodos
858 1182 1044 1228 strueret,
1078 1189 1125 1217 ne
1149 1179 1184 1217 ei
1211 1178 1358 1227 quidem
1388 1177 1564 1226 contigit,
1592 1176 1655 1225 qui

245 1239 344 1278 hanc
377 1239 587 1279 orationem
618 1239 782 1288 scripsit.
834 1239 963 1288 Adde,
1000 1239 1101 1289 quod
1137 1239 1250 1278 etiam
1287 1238 1324 1277 in
1354 1238 1424 1277 hac
1450 1236 1655 1276 nonnullae

248 1302 401 1338 exstant
426 1299 684 1347 repetitiones,
712 1299 843 1347 quales
869 1300 909 1337 in
935 1299 1071 1338 ceteris
1098 1298 1242 1337 duabus
1267 1297 1502 1336 orationibus
1526 1296 1655 1335 obser—

248 1359 441 1407 vavimus,
484 1359 665 1407 imprimis
707 1358 908 1407 participia
941 1361 986 1397 ut
1017 1359 1056 1397 in
1092 1357 1115 1407 5
1150 1360 1193 1395 31
1235 1371 1253 1392 ›>
1262 1357 1469 1406 Λάκριτος.
1505 1369 1654 1394 ναυα-

247 1420 396 1468 γῆσαι
421 1418 497 1468 ἔφη
517 1419 564 1456 τό
581 1419 723 1457 πλοῖον
745 1446 911 1457 ......
938 1417 1323 1468 ναυαγήσαντος
1347 1418 1393 1455 δὲ
1418 1419 1497 1455 τοῦ
1515 1417 1655 1455 πλοίου

247 1507 256 1516 .
283 1506 292 1515 .
321 1494 369 1526 .‹‚
395 1477 419 1527 §
440 1480 487 1515 52
518 1491 549 1515 ν.
575 1506 584 1515 .
614 1506 622 1516 .
649 1477 678 1515 ἃ
703 1478 963 1516 ἐδανείσαντο
989 1507 999 1516 .
1024 1507 1032 1515 .
1058 1507 1067 1515 .
1092 1477 1367 1526 δανειζομένου
1391 1477 1466 1526 γάρ
1492 1506 1502 1516 .
1528 1506 1538 1515 .
1566 1490 1600 1515 .‹

343 1547 578 1597 Quamquam
605 1559 695 1587 vero
721 1547 997 1587 concedendum
1031 1550 1092 1587 est
1117 1558 1182 1586 eas
1211 1546 1509 1586 constructiones
1536 1546 1655 1595 parti-

243 1606 397 1655 cipiales
430 1617 507 1645 non
545 1609 622 1645 tam
660 1606 880 1656 frequentes
903 1611 1058 1647 exstare
1084 1617 1196 1655 quam
1224 1607 1262 1644 in
1290 1606 1382 1655 illis,
1419 1607 1457 1644 in
1483 1606 1553 1644 hac
1579 1616 1654 1643 non

243 1668 321 1704 tam
349 1666 539 1705 deformes
566 1667 883 1716 continuationes,
913 1670 1043 1707 tamen
1064 1667 1103 1706 id
1126 1669 1269 1705 certum
1285 1669 1343 1705 est
1356 1664 1654 1705 aDemostbenis

241 1729 328 1765 arte
362 1726 533 1765 struendi
577 1726 737 1766 multum
774 1727 921 1767 distare
956 1727 1055 1776 eius,
1100 1726 1166 1775 qui
1198 1726 1408 1765 Lacr-iteam
1441 1725 1652 1764 orationem

241 1785 463 1833 composuit.
1481 1792 1492 1804 ·

340 1844 486 1892 Restat,
512 1847 554 1882 ut
576 1843 838 1884 ἀνακόλουθα
862 1855 1067 1893 apponam:
1096 1844 1119 1893 ἓ
1141 1848 1162 1882 ’7
1192 1860 1225 1882 ».
1245 1873 1253 1881 .
1278 1873 1288 1883 ,
1307 1844 1373 1882 καὶ
1396 1842 1554 1882 ἐδέοντό
1575 1856 1651 1892 μου
1685 1836 1688 1839 Δ

241 1902 425 1941 δανεῖσαι
446 1933 455 1942 .
479 1934 486 1942 .
510 1933 519 1942 .
544 1903 663 1942 οὐδὲν
688 1903 802 1949 εἰδώς
824 1935 832 1943 .
852 1933 861 1944 .
884 1934 893 1943 .
919 1903 1003 1941 οὐδ’
1029 1904 1051 1941 ὁ
1074 1906 1144 1953 Θρ.
1169 1904 1242 1954 τήν
1269 1903 1422 1941 τούτων
1447 1904 1651 1952 πονηρίαν,

239 1961 326 1999 ἀλλ’
352 1961 556 2011 οἰόμενος.
585 1991 593 2001 .
623 1979 656 2002 ‚e
686 1967 725 2002 et
752 1963 776 2013 ἕ
798 1966 845 2002 36
872 1962 1154 2012 »κατεχόμενοι
1178 1963 1214 2000 δ’
1234 1963 1302 2013 ὑφ’
1322 1963 1435 2012 ήμῶν
1460 1962 1525 2000 καὶ
1552 1961 1653 2010 ἔλεγ-

239 2019 400 2069 χόμενοι
423 2021 505 2059 εἴτε
531 2051 540 2060 .
569 2052 577 2060 .
607 2051 616 2061 .
642 2023 889 2072 α’πεκρίνατο
912 2026 966 2061 Λ.
994 2022 1142 2071 οὐτοσὶ,
1170 2020 1232 2060 ὅτι
1257 2052 1266 2061 .
1296 2053 1305 2061 .
1333 2038 1366 2060 .«

340 2090 448 2137 Quod
476 2091 508 2128 si
534 2091 572 2129 in
600 2102 735 2131 causas
759 2092 994 2140 inquiremus
1021 2094 1102 2130 tam
1126 2102 1268 2139 pravae
1289 2093 1518 2138 structurae,
1542 2099 1652 2138 prae·

239 2148 387 2196 cipuam
415 2150 580 2189 oratoris
608 2161 693 2190 esse
713 2151 982 2200 loquacitatem
1000 2153 1226 2190 statuemus.
1277 2150 1534 2188 Latitudinem
1551 2149 1650 2188 enim

238 2207 437 2247 verborum
473 2219 557 2247 cum
594 2209 633 2248 in
671 2210 900 2259 explicandis
935 2221 1003 2249 seu
1044 2209 1225 2259 gravibus
1261 2220 1330 2248 seu
1363 2209 1508 2248 levibns
1540 2218 1651 2257 argu-

237 2267 375 2306 mentis
405 2270 484 2306 tum
511 2268 549 2307 in
577 2268 782 2309 narrandis
806 2280 876 2309 seu
901 2269 1048 2318 magnis
1074 2280 1142 2308 seu
1169 2269 1296 2318 parvis
1323 2269 1438 2308 rebus
1460 2268 1652 2317 cognosci-

238 2337 321 2365 mus
347 2327 384 2365 in
410 2327 464 2365 eis
493 2328 749 2378 orationibus,
786 2329 833 2368 de
859 2328 995 2377 quibus
1021 2328 1183 2377 dissero,
1217 2340 1403 2367 summam
1427 2328 1651 2376 minimeque

238 2389 368 2434 aptam
393 2386 552 2434 privatis
578 2389 712 2427 causis.
767 2388 876 2427 Hanc
901 2390 1030 2427 autem
1056 2387 1324 2427 verbositatem
1350 2387 1542 2437 propriam
1565 2397 1652 2427 esse

241 2444 414 2484 dissoluti
451 2444 627 2486 dictionis
661 2449 811 2496 generis
846 2458 931 2487 cum
970 2458 1016 2486 ex
1050 2448 1135 2487 aliis
1168 2448 1292 2487 causis
1320 2450 1398 2486 tum
1422 2449 1583 2496 apparet
1605 2458 1652 2487 ex
