1822 2904
862 203 909 239 67

234 347 242 354 .
283 312 489 351 Praeterea
523 311 675 348 exstant
708 307 783 347 alia
810 308 888 348 duo
914 308 1099 349 adiectiva
1124 308 1332 358 composita
1357 318 1439 346 cum
1466 317 1579 356 prae·

187 373 374 424 positione
398 370 519 419 ὕπέρι
543 368 769 418 aaronem
791 368 938 408 XLIII..
965 372 1024 408 69.
1050 368 1104 408 Cf.
1121 369 1215 408 Xen.
1235 368 1331 407 Heli.
1356 367 1428 413 Ill..
1456 368 1489 414 2,
1517 368 1578 405 26.

188 434 221 472 Α
239 430 493 471 Demosthene
509 440 582 468 non
600 430 816 478 usurpatur.
841 428 1111 480 ὑπερμεγέθης
1135 428 1276 476 XLIII..
1303 429 1362 467 29.
1389 427 1444 471 Cf.
1471 427 1582 466 Dcm.

187 491 335 538 XVIII.,
363 492 445 528 316.
474 488 603 527 Aesch.
632 488 713 535 ῙΙΙ.,
741 492 777 528 7.

285 549 341 589 Ut
367 550 404 587 in
430 548 489 586 his
514 547 728 595 compositis
762 548 818 586 ita
855 549 1026 597 congruit
1051 552 1211 596 utraque
1235 548 1358 585 oratio
1387 548 1423 585 in
1452 557 1584 595 supcr-

187 610 304 650 lativo
330 607 554 657 πρώτιστον
584 606 732 654 XLIII.,
769 610 826 646 75.
861 607 1038 656 xbvm„
1076 610 1140 654 33,
1165 618 1274 656 quem
1302 606 1399 644 alias
1424 617 1498 644 non
1524 606 1583 643 in-

188 669 358 708 venimus
386 667 457 706 nisi
480 666 578 715 apud
604 669 754 714 poetas.

285 726 444 766 Omnino
473 735 547 764 non
583 727 710 764 exstat
739 725 812 764 nisi
837 725 977 774 XLIII,
1013 728 1048 764 8.
1082 726 1124 763 21
1160 725 1260 775 (bis).
1295 724 1472 771 XLvm„
1509 724 1584 761 52:

189 787 233 833 ἐξ
246 785 416 835 ἀνάγκης
441 785 533 824 ἐστί
555 812 563 821 .
592 813 601 823 .
626 815 634 823 .
660 785 935 824 Adverbialiter
958 786 1002 831 ἐξ
1020 786 1193 835 ,α’νάγκης
1222 785 1443 835 frequenter
1469 794 1575 822 usur-

188 849 318 896 patum
355 848 415 884 est
445 847 490 883 ut
514 843 627 883 Thuc.
653 845 732 892 ῙΙΙ.,
758 847 817 884 40.
843 844 916 894 VL,
939 849 998 885 44.
1027 846 1131 885 Dem.
1158 844 1289 893 XXX.‚
1314 846 1372 892 28,
1397 855 1470 882 non
1497 852 1585 881 una.

188 917 273 946 cum
297 905 432 954 copula
453 898 565 943 εἴναι.

285 965 420 1005 Restat
451 964 628 1013 denique,
666 967 708 1003 ut
742 964 927 1003 insolitam
954 975 1237 1003 commemorem
1261 965 1577 1003 constructionem

188 1024 292 1064 verbi
319 1024 613 1075 καταχρῆσθαι,
640 1024 740 1073 quod
764 1027 804 1063 et
826 1024 964 1073 XLIII„
994 1024 1043 1064 38
1070 1028 1109 1063 et
1133 1024 1307 1072 XLVIIL,
1333 1027 1382 1062 44
1406 1022 1581 1062 absolute

188 1085 354 1133 positum
390 1088 467 1131 est,
502 1084 564 1123 ubi
599 1087 856 1134 exspectamus
881 1080 1157 1136 καταχρῆσθαι
1182 1086 1231 1134 τῇ
1261 1083 1484 1133 προφάσει,
1521 1084 1577 1130 τῷ

191 1142 290 1192 λόγῳ
314 1147 357 1182 ut
379 1143 544 1192 XXXV„
574 1148 635 1183 44.

290 1202 478 1251 Quoniam
501 1203 615 1252 igitur
642 1203 942 1243 dissertationem
968 1203 1017 1242 ad
1052 1202 1163 1242 finem
1188 1202 1366 1252 perduxi,
1398 1212 1497 1250 quae
1534 1211 1582 1238 ex

191 1273 236 1302 ea
260 1262 431 1302 concludi
466 1266 642 1312 possunt,
679 1273 726 1302 ea
749 1273 846 1301 nunc
870 1273 1055 1311 exponere
1091 1263 1180 1301 mihi
1213 1263 1336 1301 liceat.
1371 1282 1419 1288 -
1453 1262 1579 1308 Atque

190 1322 352 1372 primum
379 1322 526 1371 quidem
552 1322 623 1362 hae
649 1326 727 1362 tres
752 1322 963 1370 orationes,
995 1321 1041 1361 de
1064 1322 1201 1371 quibus
1235 1321 1415 1370 disserui,
1445 1320 1582 1359 Demo—

191 1382 333 1421 sthenis
359 1393 433 1421 non
460 1382 677 1421 iudicandae
701 1386 801 1429 sunt,
825 1386 868 1421 ut
892 1382 1051 1420 dilucide
1077 1386 1237 1430 apparet
1263 1393 1307 1420 ex
1327 1392 1446 1429 prava
1464 1391 1579 1428 argu-

191 1442 434 1490 mentatione,
457 1452 502 1480 ex
529 1441 708 1480 dissoluto
734 1441 906 1480 dictionis
931 1451 1085 1489 genere,
1120 1441 1223 1490 quod
1250 1442 1287 1480 in
1315 1441 1508 1487 eis.inest‚
1535 1450 1582 1478 ex

191 1501 300 1540 malis
335 1501 642 1549 tranSItionibus,
681 1512 727 1540 ex
762 1502 980 1540 inconcinna
1014 1502 1252 1550 periodorum
1289 1505 1498 1547 structura,
1535 1510 1581 1538 ex

190 1571 398 1610 permagna
414 1560 610 1600 verborum
621 1561 831 1609 latitudine,
846 1572 893 1600 ex
902 1561 1013 1600 foeda
1022 1562 1304 1610 compositione,
1320 1572 1365 1600 ex
1379 1561 1584 1599 elocutione

191 1631 266 1659 non
293 1621 407 1669 digna
434 1620 698 1668 Demosthene,
734 1631 830 1669 quae
867 1621 992 1659 omnia
1025 1622 1180 1670 propria
1215 1632 1299 1660 esse
1332 1621 1467 1658 harum
1501 1629 1587 1657 ora-

191 1679 335 1718 tionum
359 1679 527 1728 probavi.

291 1739 434 1778 Deinde
468 1739 548 1777 sine
585 1738 696 1777 dubio
723 1739 931 1786 orationes,
966 1750 1061 1788 quae
1088 1743 1178 1778 sunt
1204 1740 1242 1777 in
1269 1739 1520 1778 Macartatum
1547 1741 1587 1775 et

194 1797 513 1846 olympiodorum,
531 1798 642 1837 unius
658 1798 897 1847 eiusdemque
909 1799 1070 1837 oratoris
1084 1799 1311 1837 iudicandae
1325 1801 1414 1836 sunt
1429 1801 1585 1846 propter

193 1867 359 1898 summas
385 1869 452 1897 seu
479 1858 739 1898 consensiones
778 1868 846 1898 seu
879 1858 1140 1898 similitudines
1174 1862 1214 1897 et
1247 1856 1583 1907 argumentationis

193 1919 233 1956 et
256 1920 472 1956 structurae
495 1921 534 1956 et
556 1917 794 1966 loquacitatis
818 1922 858 1956 et
883 1918 1111 1966 elocutionis,
1136 1919 1297 1968 denique
1321 1922 1475 1967 propter
1491 1916 1583 1956 illud

190 1969 303 2027 ἦθος,
329 1977 431 2026 quod
457 1978 653 2026 utriusque
673 1977 865 2026 proprium
890 1989 973 2017 esse
999 1977 1266 2017 demonstravi.

252 2053 255 2057 “
295 2036 392 2076 Tum
420 2048 510 2076 vero
534 2037 732 2076 Lacriteae
758 2038 940 2077 orationis
973 2038 1171 2077 nonnullas
1207 2049 1289 2078 esse
1321 2035 1585 2077 similitudines

195 2104 279 2134 cum
306 2096 442 2135 ceteris
465 2096 613 2134 duabus
635 2106 858 2144 quamquam
885 2096 1160 2143 demonstravi,
1198 2101 1321 2135 tamen
1356 2107 1438 2135 eam
1464 2095 1584 2133 eidem

194 2153 311 2193 tribui
344 2155 489 2194 oratori
522 2166 596 2193 non
630 2154 727 2194 licet.
774 2154 873 2194 Nam
901 2165 981 2194 cum
1014 2155 1101 2195 illae
1127 2157 1318 2196 orationes
1354 2157 1391 2195 in
1417 2154 1586 2195 omnibus

195 2213 308 2254 rebus
334 2218 564 2263 congruant,
597 2215 634 2253 in
662 2214 732 2254 hac
752 2225 873 2263 neque
897 2215 988 2254 illud
1014 2209 1115 2267 ἦθος
1138 2228 1257 2266 neque
1284 2217 1432 2255 omnino
1459 2218 1589 2253 tantas

195 2274 460 2313 consensiones
476 2285 541 2314 seu
559 2274 636 2313 stili
663 2285 731 2313 seu
758 2273 977 2315 elocutionis
1002 2278 1243 2325 cognovimus
1267 2280 1428 2326 quantas
1447 2276 1484 2314 in
1502 2274 1589 2313 illis.

295 2333 391 2381 Quin
421 2334 534 2373 etiam
560 2334 646 2373 aliis
683 2334 721 2373 in
755 2334 901 2375 duabus
925 2337 1104 2386 gravibus
1132 2337 1242 2376 rebus
1268 2337 1442 2376 Lacritea
1467 2335 1590 2374 oratio

196 2392 374 2433 abhorret
399 2394 448 2434 ab
473 2394 559 2443 illis,
583 2394 744 2444 primum
769 2395 808 2434 in
834 2396 1102 2444 particularum
1130 2408 1219 2444 usu,
1246 2396 1292 2435 de
1322 2407 1398 2445 quo
1424 2406 1542 2445 supra
1557 2397 1588 2446 ¹)

281 2483 311 2524 1)
334 2483 381 2517 Cf.
404 2493 505 2526 supra
526 2494 558 2526 p.
580 2483 630 2517 62.
