1822 2904
926 152 950 188 6

229 259 419 304 existimo,
452 268 537 297 cum
572 258 761 307 permulta
794 267 893 307 quae
926 259 1047 306 primo
1078 260 1235 306 aspectu
1260 256 1395 296 harum
1424 257 1639 296 oratIouum

233 317 386 367 propria
420 316 624 356 videantur
656 327 740 356 esse
773 327 817 356 re
850 327 940 356 vera
975 316 1034 355 vel
1061 316 1224 358 aliarum
1250 327 1400 367 quoque
1426 315 1642 356 orationum

236 377 295 416 vel
329 377 480 416 omnino
512 377 675 416 omnium
709 380 904 417 oratorum
931 377 1141 417 Atticorum
1174 375 1381 415 communia
1412 374 1501 415 sint.
1554 374 1646 415 Per·

235 436 355 476 multa
380 436 479 476 enim
505 447 603 486 quae
631 437 732 476 iuter
757 447 799 476 se
823 436 1086 481 convenientia
1111 435 1345 485 afferuntur,
1371 433 1531 474 fortuito
1555 444 1645 475 con-

235 497 416 537 sentiunt.
467 495 562 536 Tum
588 508 676 536 vero
701 496 852 536 Uhlium
880 490 1134 546 reprehendo,
1171 495 1269 545 quod
1295 495 1481 544 genuinas
1508 494 1644 533 Demo-

236 555 380 595 sthenis
406 555 599 595 orationes
624 557 777 595 omnino
803 567 877 595 non
905 556 1091 609 respexit,
1117 555 1221 605 quod
1247 566 1300 594 or.
1327 554 1481 603 XXXV,
1507 554 1645 603 XLIII,
1678 566 1682 569 ’
1725 534 1728 537 Δ
1798 560 1820 587 „¹

235 615 396 655 XLVIII
422 616 534 654 unius
556 616 720 656 oratoris
744 627 829 656 esse
854 617 1009 665 saepe·)
1033 626 1103 665 pro
1129 618 1234 655 certo
1248 615 1367 665 ponit,
1393 625 1468 652 non
1489 613 1645 663 proban

237 675 351 714 laudo
376 685 459 714 cum
484 675 639 725 Foxi02)
665 676 767 715 Uhlii
803 687 980 725 magnam
1015 675 1249 725 diligentiam
1286 679 1325 715 et
1357 676 1555 714 accuratas
1578 673 1645 714 ob-

240 735 495 782 servationes3
524 736 591 774 sed
619 747 665 774 ex
690 736 817 774 multis
843 746 970 774 earum
985 734 1078 773 mhnl
1091 734 1261 774 concludi
1275 745 1386 783 posse
1399 733 1644 774 statuendum

238 795 341 843 θεῖ’).

336 856 392 895 De
433 855 568 904 quibus
601 855 835 894 orationibus
873 854 1062 892 disserere
1107 853 1216 892 nobis
1258 854 1540 902 proposuimus,
1576 864 1645 894 eac

237 925 366 954 omnes
393 914 547 953 habitae
572 917 662 953 sunt
687 914 725 952 in
753 913 913 963 privatis
940 912 1065 952 causis
1091 911 1194 952 haud
1221 913 1278 952 ita
1304 913 1497 962 gravibus.
1548 913 1645 954 Boni

238 987 327 1014 vero
363 974 637 1023 prudentisque
670 974 834 1012 oratoris
867 984 949 1012 cum
982 972 1035 1012 sit
1064 982 1176 1023 posse
1209 973 1310 1022 quod
1346 974 1478 1013 deceat
1508 974 1644 1024 facere,

236 1035 332 1073 scire
367 1034 457 1082 quid
491 1033 718 1081 quandoque
752 1033 907 1079 deceat,
942 1032 981 1070 in
1015 1031 1074 1070 his
1112 1032 1349 1071 orationibus
1384 1037 1645 1087 exspectamus

237 1096 425 1132 oratorem
460 1095 608 1130 tenuem
642 1095 818 1140 acutum,
852 1092 975 1130 omnia
1012 1091 1205 1131 docentem
1232 1096 1271 1131 et
1299 1092 1536 1140 dilucidiora,
1572 1103 1644 1132 non

237 1153 421 1202 ampliora
449 1152 660 1198 facientem,
687 1151 815 1191 subtili
840 1151 1004 1201 quadam
1029 1155 1070 1190 et
1089 1161 1221 1200 pressa
1240 1152 1412 1191 oratione
1425 1151 1645 1202 limatum4).

237 1213 328 1252 Tria
363 1212 460 1251 enim
499 1223 582 1251 cum
619 1211 697 1250 sint
735 1212 889 1250 omnino
928 1221 1068 1259 genera
1105 1211 1251 1250 dicendi
1288 1222 1402 1250 unum
1436 1215 1551 1251 tenue
1586 1212 1645 1251 vel

236 1274 474 1310 attenuatum
508 1270 567 1308 vel
600 1269 757 1319 subtile,
794 1270 956 1309 alterum
990 1269 1135 1318 grande
1168 1270 1227 1309 vel
1261 1270 1419 1309 sublime
1445 1270 1504 1309 'vel
1529 1281 1645 1319 grave

236 1331 294 1370 vel
320 1330 544 1378 robustum,
569 1330 725 1369 tertium
750 1329 916 1369 medium
945 1329 1002 1369 vel
1028 1329 1219 1378 floridum,
1245 1330 1428 1379 primum,
1455 1331 1561 1370 cuius
1586 1334 1647 1370 est

235 1392 332 1428 ratio
367 1389 622 1428 docendorum
658 1389 869 1437 hominum,
906 1396 949 1427 ut
976 1389 1149 1437 privatas
1181 1389 1373 1427 orationes
1405 1389 1514 1428 decet
1541 1390 1595 1428 ita
1620 1401 1645 1428 a

236 1447 491 1488 Demosthene
517 1447 555 1485 in
576 1447 630 1486 eis
652 1453 879 1496 usurpatum
902 1452 972 1487 est.
1024 1447 1108 1495 Quo
1123 1447 1187 1497 qui
1208 1451 1369 1487 utuntur
1388 1447 1425 1486 id
1445 1451 1575 1497 agunt,
1603 1454 1646 1490 ut

235 1509 379 1547 iudices
415 1507 596 1554 doceant,
631 1511 674 1546 ut
708 1507 892 1546 iudicibus
925 1507 1180 1556 persuadeant
1214 1507 1261 1546 de
1288 1508 1391 1546 iusta
1420 1518 1491 1547 sua
1515 1520 1643 1549 causa.

236 1567 311 1614 Qui
338 1577 490 1606 necesse
515 1570 575 1605 est
602 1566 783 1605 studeant
809 1570 849 1605 et
873 1566 1077 1606 subtilitati
1103 1570 1143 1605 et
1170 1566 1349 1605 brevitati
1378 1571 1417 1605 et
1439 1569 1646 1617 perspicui-

322 1705 398 1748 1)l.
419 1714 446 1737 c.
468 1714 501 1745 p.
524 1703 576 1735 40.
620 1702 667 1735 Cf.
691 1701 782 1734 infra
803 1712 835 1743 p.
857 1702 908 1734 32.
937 1720 977 1726 —
1009 1713 1040 1744 p.
1062 1702 1104 1735 68
1135 1702 1277 1744 scriptor
1299 1704 1487 1737 orationum
1509 1706 1636 1740 XXXV

236 1757 356 1795 XLIII,
378 1754 517 1788 XLVIII
533 1764 564 1794 p.
577 1753 627 1785 88
652 1771 690 1776 —-
713 1763 744 1794 p.
757 1754 795 1785 71
809 1755 979 1785 auctorem
991 1753 1179 1787 orationum
1197 1754 1330 1792 XXXV,
1353 1755 1470 1793 XLIII,
1494 1756 1643 1791 XLVIII.

236 1821 267 1852 p.
290 1809 330 1841 90
365 1805 419 1839 »in
448 1804 593 1838 tribus
615 1803 781 1846 prioribus
809 1803 1016 1837 orationibus
1038 1806 1117 1844 sunt
1141 1806 1297 1848 exempla
1318 1806 1417 1839 haec.
1450 1807 1572 1848 XLIII,
1593 1809 1645 1845 62.

235 1862 286 1894 74.
309 1857 461 1895 XLVIII,
483 1856 556 1889 43.«
603 1855 642 1888 In
664 1865 711 1888 or.
732 1855 857 1889 XXXV
878 1855 984 1898 igitur
1005 1856 1099 1891 deest
1120 1857 1329 1899 exemplum!
1359 1877 1396 1883 —
1423 1869 1453 1900 p.
1478 1860 1518 1892 93
1542 1859 1647 1893 »Sunt

234 1912 247 1945 i
271 1912 341 1945 itur
363 1934 370 1943 .
394 1933 402 1942 .
424 1922 452 1942 ,α

248 1924 269 1955 g
318 1962 353 2003 2)
375 1960 559 1993 Recension
581 1970 610 1992 v.
633 1960 717 1992 Fox
741 1959 926 2001 »Philolog.
943 1959 1161 1993 Rundachau«
1188 1961 1277 1994 1885.
1302 1962 1351 1995 21.
1376 1972 1407 2002 p.
1418 1963 1592 1995 641—644.
1607 1981 1644 1987 —

234 2015 282 2048 Cf.
311 2014 426 2046 autem
456 2012 540 2045 haec
566 2010 687 2044 verba:
722 2011 822 2044 ›Gibt
843 2020 880 2044 es
903 2011 989 2044 doch
1009 2011 1174 2045 zwischen
1196 2013 1260 2046 deu
1283 2013 1403 2047 beiden
1422 2013 1645 2047 Redeklassen

233 2066 321 2099 auch
345 2057 607 2098 Khnlichkeiten
637 2063 705 2095 und
737 2062 901 2096 zwischen
926 2063 991 2096 den
1012 2063 1246 2096 einzelnen
1273 2064 1386 2097 Reden
1411 2065 1484 2098 der
1495 2065 1646 2098 selben

232 2117 353 2150 Klasse
375 2115 462 2149 auch
483 2113 724 2147 Unterschiede
747 2123 862 2156 genug
885 2138 892 2146 .
916 2139 924 2147 .
947 2127 974 2146 .‹

319 2168 354 2209 3)
378 2178 411 2209 p.
433 2167 474 2199 60
497 2176 569 2208 sqq.
594 2165 902 2208 (interrogationes)
930 2184 959 2189 —
986 2177 1016 2208 p.
1038 2166 1079 2198 82
1097 2177 1169 2208 sqq.
1195 2161 1305 2208 (οὗτος)
1334 2184 1373 2190 -
1403 2178 1433 2209 p.
1458 2167 1499 2200 85
1520 2167 1645 2207 (infini-

234 2220 314 2261 tivi)
337 2238 376 2243 —
399 2229 433 2260 p.
459 2217 594 2250 75-82.
648 2217 807 2250 Concedit
829 2217 949 2250 Uhlius
971 2218 1059 2259 ipse:
1084 2218 1152 2250 »Ex
1175 2218 1237 2250 hac
1260 2218 1379 2251 tabula
1400 2218 1530 2250 nullum
1551 2218 1648 2252 nobis

233 2270 352 2304 licebit
375 2279 492 2311 capere
514 2269 671 2303 fructum.

320 2322 355 2364 4)
377 2320 444 2356 cic.
470 2321 511 2354 de
535 2330 583 2354 or.
606 2320 665 2360 ΙΙΙ,
688 2321 760 2354 212.
795 2321 838 2361 11,
863 2321 932 2354 128.
976 2321 1030 2355 Or.
1053 2323 1082 2361 5,
1104 2322 1154 2355 20.
1179 2323 1228 2355 21.
1250 2323 1291 2355 69
1311 2331 1382 2364 sqq.
1433 2322 1526 2356 Brut.
1549 2323 1579 2363 9,
1600 2323 1652 2357 35.

234 2393 272 2398 —
298 2373 422 2407 Cornif.
448 2373 491 2406 ad
517 2373 660 2406 Herenn.
683 2372 741 2412 IV,
764 2373 793 2406 8.
816 2384 849 2416 p.
874 2373 944 2407 134.
976 2391 1017 2398 —
1048 2373 1188 2414 Quintil.
1211 2374 1322 2408 Instit.
1345 2374 1474 2408 Orator.
1496 2373 1574 2413 XII,
1599 2374 1648 2415 10,

228 2426 269 2459 58
292 2435 366 2468 sqq.
