1822 2904
812 201 856 238 51

139 323 211 360 est„
232 308 337 359 *quod
370 307 410 352 in
443 307 497 347 eis
529 307 622 355 ipsis
654 309 898 356 paratacticis
922 310 1289 358 continuationibus,
1322 310 1361 350 in
1396 309 1531 359 quibus

139 368 325 420 particula
350 366 415 406 καὶ
444 366 666 415 compluries
693 365 868 417 deinceps
895 372 1079 418 usurpata
1104 371 1165 408 est
1179 369 1229 408 ad
1242 369 1535 420 complexionem

141 424 430 475 sententiarum,
478 425 679 467 maximam
713 427 1019 476 reprehendimus
1055 429 1252 468 verborum
1285 429 1536 470 latitudinem.

140 489 250 538 Quod
276 486 423 528 dicendi
448 496 570 533 genus
594 489 697 525 recte
720 490 832 531 vocat
855 488 1137 537 Lortzingius¹)
1163 490 1320 539 epicum,
1347 500 1423 528 non
1451 489 1538 528 dra-

141 548 316 597 maticum
329 577 339 596 ‚
374 545 472 594 quod
509 556 592 585 cum
624 556 770 585 omnem
802 549 990 586 oratorem
1015 547 1148 587 deceat
1171 551 1250 589 tum
1275 549 1538 589 Demosthenis

140 608 331 659 proprium
355 606 416 645 sit.
470 604 723 653 Loquacitate
748 606 866 654 igitur
892 617 939 645 ne
966 607 1087 646 dicam
1113 608 1341 655 garrulitate
1364 609 1539 648 laborare

140 669 223 715 has,
254 665 443 710 orationes
489 664 527 702 in
573 665 754 713 proximis
789 669 968 710 accurate
1002 677 1196 716 exponam.
1253 668 1402 707 Etenim
1438 671 1481 708 ut
1513 679 1538 708 a

141 728 377 770 Macartatea
403 725 573 764 oratione
599 725 747 774 ordiar,
782 727 814 766 si
837 738 911 766 non
940 726 1101 775 plurima
1125 731 1168 766 at
1198 728 1406 777 permulta,
1442 739 1540 777 quae

141 790 178 831 in
203 788 275 828 hac
298 797 367 825 seu
396 787 435 824 in
462 786 683 825 narratione
709 796 776 825 seu
803 786 841 825 in
869 787 1201 835 argumentatione
1224 787 1456 836 afferuntur,
1491 788 1540 826 ad

141 858 291 894 causam
323 856 396 885 non
424 845 613 895 pertinere
640 845 799 885 ostendi.
851 846 998 886 Isaeum
1026 857 1117 886 vero
1142 847 1181 886 in
1208 847 1400 896 oratione,
1429 858 1540 896 quam

143 907 292 956 scripsit
325 906 372 945 de
404 906 536 944 eadem
561 905 794 955 hereditate,
829 906 1089 955 perspicuitati
1114 910 1155 947 et
1180 907 1358 947 brevitati
1385 907 1542 947 studere

142 966 406 1011 intelleximus·
458 965 569 1005 Haud
598 966 731 1006 mirum
758 966 895 1015 igitur,
929 966 1033 1017 quod
1061 967 1094 1007 is
1118 967 1302 1008 rotundas
1330 970 1370 1006 et
1396 967 1542 1007 concin-

143 1038 213 1071 nas
249 1026 496 1066 conformavit
529 1026 711 1074 periodos.
770 1026 803 1065 E
829 1026 959 1065 multis
984 1028 1164 1075 exemplis
1190 1028 1285 1067 satis
1311 1027 1363 1066 sit
1387 1038 1500 1066 unum
1508 1027 1545 1075 ⁸)

143 1086 297 1134 afferre,
337 1096 358 1124 e
394 1096 469 1134 quo
505 1085 666 1125 dilucide
699 1089 904 1135 appareat,
937 1086 1124 1135 quomodo
1156 1085 1256 1125 inter
1290 1096 1332 1125 se
1367 1084 1544 1125 differant

144 1145 317 1186 dictionis
343 1156 481 1194 genere
505 1145 648 1192 Isaeus,
673 1145 812 1194 quippe
838 1145 905 1193 qui
929 1146 1116 1185 brevitate
1142 1146 1312 1194 excellat,
1340 1148 1381 1185 et
1405 1146 1450 1195 is,
1478 1145 1544 1194 qui

142 1204 279 1247 XLIII.
304 1204 477 1254 scripsit,
515 1204 655 1254 quippe
680 1204 744 1253 qui
770 1203 1002 1244 verbositate
1026 1204 1186 1244 laboret.
1239 1204 1307 1244 Ille
1332 1204 1432 1244 enim
1457 1215 1545 1244 nar-

143 1264 302 1305 rationis
337 1264 486 1304 initium
522 1264 591 1303 hoc
625 1264 736 1304 modo
765 1264 855 1305 facit
880 1264 919 1304 in
946 1264 968 1314 ξ
994 1267 1037 1305 8:
1078 1265 1177 1315 »ἐγώ
1202 1265 1277 1315 γάρ
1301 1265 1368 1303 καὶ
1390 1264 1546 1314 Ἁγνίας,

143 1339 173 1362 ω
188 1339 241 1373 oe.‚
265 1324 332 1362 καὶ
352 1328 412 1362 Ev
403 1323 596 1373 Ἡβουλιδης
618 1324 684 1361 καὶ
704 1324 949 1374 Στρατοκλῆς
972 1325 1037 1362 καὶ
1056 1327 1245 1374 Στρατίος
1271 1324 1294 1363 o‘
1317 1326 1385 1374 τῆς
1401 1325 1544 1373 Ἁγνίου

142 1383 287 1435 μητρὸς
310 1383 498 1434 ἀδελφός,
527 1385 571 1430 ἐξ
589 1383 642 1422 αἰ
643 1384 770 1438 εψιοῖν
789 1384 912 1433 ἐσμεν
927 1382 1136 1434 γεγονότες,
1163 1384 1230 1422 καὶ
1241 1384 1316 1434 γαρ
1329 1383 1368 1423 οι
1377 1389 1546 1434 πατέρες

141 1445 252 1493 ἡμῶν
284 1437 390 1494 ἦσαν
423 1443 585 1496 α’νεψιοὶ
620 1444 663 1482 ἐκ
697 1443 1034 1493 πατραδέλφων,
1072 1445 1118 1483 de
1150 1444 1204 1484 eis
1234 1444 1357 1492 igitur
1392 1446 1542 1483 tantum

143 1503 243 1551 dicit,
268 1513 363 1551 quos
388 1506 544 1551 propter
566 1503 773 1550 proximam
799 1503 1056 1541 narrationem
1081 1502 1269 1542 nominari
1294 1513 1447 1542 necesse
1470 1505 1542 1541 est.

141 1562 212 1602 Hic
235 1573 325 1601 vero
350 1562 480 1610 incipit
507 1573 530 1600 a
555 1561 705 1611 Buselo,
732 1562 881 1613 generis
906 1564 1073 1610 auctore,
1099 1564 1182 1602 tum
1208 1561 1256 1601 de
1278 1561 1361 1601 eius
1377 1561 1543 1611 quinque

141 1621 226 1662 filiis
261 1622 379 1661 multa
410 1621 500 1660 facit
529 1621 664 1669 verba,
703 1621 837 1660 deinde
862 1624 1125 1660 commemorat
1150 1631 1230 1668 ree,
1269 1632 1368 1670 quae
1393 1621 1542 1660 omnino

141 1692 215 1721 non
239 1681 428 1731 pertinent
452 1682 501 1720 ad
534 1692 684 1720 causam
711 1691 828 1730 eaque
855 1681 981 1720 omnia
1009 1683 1141 1720 narrat
1167 1691 1314 1720 summa
1339 1680 1543 1720 verborum

142 1740 266 1790 eopia,
300 1751 444 1780 summa
481 1741 720 1789 garrulitate.
771 1740 851 1787 Quo
877 1739 943 1789 fit,
981 1745 1024 1780 ut
1044 1740 1171 1780 omnia
1196 1739 1298 1789 fere,
1334 1751 1431 1790 quae
1455 1750 1543 1779 con-

142 1799 311 1840 tinentur
342 1800 381 1838 in
412 1799 459 1849 ἐξ
489 1802 652 1848 19-21‚
690 1810 968 1848 supervacanea
1002 1799 1213 1839 videantur.
1264 1799 1386 1845 Quam
1411 1809 1543 1838 narra-

142 1857 281 1897 tionem
296 1858 526 1897 verbositate
552 1859 725 1908 superari
749 1869 859 1907 posse
882 1858 1052 1907 equidem
1074 1868 1182 1907 nego.
1232 1857 1353 1897 Multo
1370 1857 1543 1897 breviora

142 1916 337 1966 magisque
370 1919 568 1967 perspicua
603 1921 712 1965 sunt,
746 1929 844 1967 quae
879 1918 916 1956 in
947 1918 1119 1957 oratione
1146 1917 1261 1958 LVII.
1288 1917 1350 1966 qui
1377 1917 1544 1967 loquitur

143 1975 190 2019 de
214 1986 352 2025 genere
376 1987 448 2015 suo
474 1976 685 2026 exponitss).

241 2050 399 2090 Praeter
421 2050 518 2089 hanc
539 2051 691 2099 longam
706 2051 979 2098 molestamque
992 2050 1260 2098 narrationem,
1287 2060 1360 2098 quo
1375 2049 1543 2097 exemplo

143 2108 342 2149 dilucidius
367 2121 450 2149 esse
474 2109 616 2148 nullum
642 2112 790 2158 potest,
826 2110 901 2148 tria
927 2109 1004 2148 alia
1030 2108 1143 2148 affert
1167 2108 1485 2156 Rohrmannus⁴),
1520 2118 1542 2145 e

63 2192 66 2198 ι
144 2167 299 2217 quibus,
333 2179 447 2217 quam
479 2169 661 2208 verbosus
689 2169 740 2207 sit
769 2171 920 2216 orator,
955 2167 1122 2207 eluceat:
1157 2168 1179 2217 g
1204 2170 1249 2206 12
1276 2168 1444 2211 »ἐκεῖνος
1467 2166 1543 2215 γοὲρ

227 2330 304 2372 1)1.
325 2341 353 2365 c.
374 2342 407 2374 p.
429 2332 480 2366 35.

225 2382 261 2422 2)
283 2382 333 2416 cf.
356 2382 520 2416 Blassium
542 2383 585 2416 11.
607 2383 678 2415 470.
701 2382 746 2414 11.
766 2381 942 2414 533—534.

225 2432 257 2474 8)
281 2433 383 2467 LVII.
406 2434 541 2468 37—38.
584 2434 632 2468 cf.
654 2434 756 2467 etiam
780 2433 800 2475 ἓ
820 2432 956 2466 20-21,

225 2484 259 2525 4)
281 2483 305 2517 1.
328 2494 355 2519 ο.
376 2495 411 2527 p.
428 2485 563 2520 48-51.
