1822 2872
61 325 63 334 <
101 306 244 364 ,cmm
262 300 344 354 vtrin.
371 296 474 349 milia
498 292 765 345 drachmarum
789 287 976 355 foenerati
1001 289 1094 328 sunt
1106 284 1301 354 Artemoni
1321 287 1362 325 et
1376 284 1523 352 Applic-

118 350 213 420 dppo
239 354 438 402 Phaselitis
463 352 621 394 Athenis
647 349 885 398 navigaturis
909 358 948 386 m
969 345 1134 385 Pontum
1155 344 1342 385 Euxinum
1367 347 1407 383 et
1432 344 1518 383 inde

46 426 47 429 ’
98 464 101 469 .
121 414 314 472 redituris.
365 417 422 457 De
447 415 598 455 foenore
621 413 663 458 et
687 408 811 465 usuris
835 406 940 459 pacti
955 408 1044 448 sunt
1061 403 1329 456 syngrapham,
1353 404 1414 445 cui
1427 414 1521 444 non-

122 484 213 532 nulli
247 471 376 524 testes
418 463 724 522 subscripserunt
759 463 924 508 nomina.
988 465 1083 504 Post
1123 465 1286 507 reditum
1321 467 1522 504 Artemone

122 532 270 587 mortuo
302 541 506 586 antequam
540 529 723 581 persolvit
757 528 909 577 foenus,
945 524 1152 566 Androcles
1177 536 1202 565 a
1216 525 1378 584 Lacrito
1403 526 1522 566 fratre

124 585 204 647 eius
228 597 445 657 postulavit,
472 597 516 634 ut
541 591 685 639 fratris,
709 586 1089 643 cuiushereditatem
1115 585 1260 626 iniisset
1284 589 1324 627 et
1348 598 1419 637 pro
1445 598 1522 637 quo

37 683 42 690 -
126 649 402 715 spopondisset,
426 654 556 694 debita
568 651 741 693 solveret.
787 649 900 698 Quod
923 648 988 688 ille
1014 651 1056 688 ut
1082 648 1224 688 taceret
1247 651 1396 688 tantum
1418 648 1526 698 afuit,

46 748 50 751 γ
126 727 171 769 ως
194 720 448 769 exceptionem
476 714 754 764 interponeret,
788 720 865 760 qua
890 711 930 749 et
954 720 996 749 se
1021 709 1068 748 de
1094 708 1307 749 hereditate
1340 708 1527 749 absistere

130 777 251 833 neque
274 778 388 819 ullum
417 774 488 814 sibi
512 775 662 822 pactum
686 781 769 810 esse
794 781 876 815 cum
899 769 1085 809 Androcle
1111 768 1325 809 affirmavit.
1363 769 1526 809 Omnino

129 853 169 884 se
203 851 250 879 ne
284 835 530 887 spopondisse
565 830 714 881 quidem
749 841 819 879 pro
851 829 981 869 statre.
1037 829 1160 875 Quam
1196 829 1448 879 exceptionem
1485 832 1529 869 ut

128 895 335 946 refelleret,
369 892 572 934 Androcles
604 902 674 941 pro
708 901 749 930 se
780 893 820 929 et
852 901 922 939 pro
959 889 1130 939 Carystio
1160 888 1356 940 hospite¹)
1389 889 1525 930 habuit

131 956 228 1005 hanc
264 955 490 1001 orationem,
530 962 626 1000 quae
659 953 785 990 exstat
820 952 919 989 inter
955 950 1268 989 Demosthenicas
1302 950 1427 999 »πρὸς
1458 950 1531 1000 τήν

131 1012 332 1067 Λάκρίτου
357 1009 656 1062 παραγραφήν.ι
690 1032 728 1037 -
759 1010 886 1060 Atque
910 1010 1070 1060 primum
1096 1010 1244 1059 quidem
1270 1010 1322 1057 is,
1355 1011 1417 1060 qui
1444 1021 1530 1049 ora—

132 1078 268 1120 tionem
312 1073 463 1121 habuit,
508 1074 709 1122 postquam
743 1070 784 1110 in
819 1080 948 1111 omnes
982 1069 1213 1119 Phaselitas,
1258 1070 1395 1119 quibus
1429 1070 1534 1111 nulla

135 1148 227 1186 gens
251 1145 372 1183 neque
386 1133 614 1172 Graecorum
637 1140 756 1179 neque
776 1130 1021 1170 barbarorum
1038 1130 1209 1171 fallacior
1220 1134 1334 1179 esset,
1360 1131 1534 1170 invectus

135 1189 213 1245 est,
248 1193 415 1234 breviter
440 1190 614 1239 exposuit
638 1201 678 1229 se
704 1191 898 1230 Artemoni
922 1195 963 1229 et
988 1189 1214 1239 Apollodoro
1239 1189 1442 1229 Phaselitis
1468 1189 1535 1228 tri-

136 1255 243 1307 ginta
285 1252 406 1291 minas
450 1250 598 1299 argenti
642 1250 876 1295 foeneratum
916 1260 999 1290 esse
1040 1248 1243 1289 adductum
1286 1249 1461 1299 precibus
1497 1252 1537 1288 et

136 1310 296 1361 (luorum
321 1310 527 1352 amicorum
553 1312 593 1349 et
617 1309 781 1358 Lacriti,
817 1309 884 1360 qui
908 1309 1188 1359 spopondisset.
1241 1310 1360 1357 Quem
1385 1312 1536 1350 mortuo

137 1373 350 1426 Artemone,
374 1371 482 1410 cuius
508 1370 610 1409 solus
637 1373 738 1409 esset
758 1369 878 1416 heres,
904 1381 987 1411 cum
1012 1370 1210 1410 simularet
1235 1381 1278 1411 se
1304 1374 1344 1411 et
1363 1371 1410 1410 de
1430 1370 1537 1411 here-

137 1433 254 1474 ditate
276 1433 459 1472 absistere
482 1441 602 1478 neque
619 1441 784 1479 unquam
800 1430 1060 1480 spopondisse,
1086 1442 1160 1469 non
1173 1431 1329 1471 solvisse
1341 1431 1535 1480 pecuniam

137 1495 315 1536 mutuam.
367 1489 508 1531 Deinde
537 1490 689 1531 recitari
723 1489 828 1531 iubet
856 1493 987 1536 orator
1011 1502 1034 1530 a
1060 1492 1183 1532 scriba
1207 1492 1358 1542 publico
1384 1495 1424 1532 et
1449 1503 1536 1541 syn-

139 1549 321 1602 grapham
355 1554 394 1588 et
429 1550 645 1589 testimonia
678 1550 846 1599 (1-14).
903 1551 944 1590 In
988 1552 1168 1600 proximis
1209 1551 1459 1600 paragraphis
1499 1552 1538 1589 in

140 1610 331 1659 Lacritum
365 1609 576 1656 invehitur,
612 1621 684 1658 quo
710 1612 865 1650 auctore
889 1609 1043 1651 Artemo
1069 1613 1109 1650 et
1132 1611 1380 1662 Apollodorus
1405 1613 1538 1651 contra

138 1674 292 1721 pactum
346 1670 503 1717 egerint.
587 1669 693 1717 Quos
744 1669 915 1718 singulas
964 1670 1200 1719 syngraphae
1250 1671 1538 1710 constitutiones

141 1729 364 1782 neglexisse
386 1731 425 1766 et
461 1728 730 1777 contempsisse
755 1739 796 1767 se
820 1728 1068 1777 probaturum
1091 1740 1174 1768 esse
1199 1730 1390 1778 professus
1415 1730 1538 1777 primo

141 1788 224 1825 loco
260 1786 415 1834 exponit
446 1787 484 1821 in
522 1785 587 1822 illa
619 1786 839 1832 inscriptum
875 1797 976 1831 esse,
1012 1792 1078 1834 ut,
1114 1798 1197 1825 cum
1227 1788 1308 1835 ipse
1332 1790 1374 1824 et
1399 1787 1537 1833 hospes

109 1880 111 1883 .
143 1844 302 1896 triginta
338 1843 459 1884 minas
494 1841 800 1894 foenerarentur,
834 1843 911 1884 tria
943 1843 1045 1886 milia
1079 1855 1253 1886 vasorum
1283 1844 1360 1886 vini
1391 1845 1540 1896 pignori

143 1909 273 1943 essent
318 1916 456 1951 eaque,
502 1916 584 1942 cum
618 1905 772 1942 Artemo
809 1909 849 1943 et
884 1906 1137 1953 Apollodorus
1175 1907 1214 1943 in
1249 1907 1335 1944 navi
1371 1907 1540 1952 Hyblesii

144 1962 373 1999 veherentur
406 1961 442 1998 in
480 1960 659 2008 Pontum,
705 1960 792 1999 illuc
837 1961 1100 2001 traicerentur.
1160 1962 1251 2001 Illos
1290 1964 1417 2002 autem
1461 1971 1543 2001 cum

146 2020 341 2075 pecuniam
367 2024 536 2062 mutuam
563 2024 826 2064 consumerent
851 2022 888 2064 in
915 2022 980 2073 eis,
1007 2034 1105 2075 quae
1129 2023 1221 2075 ipsis
1243 2023 1470 2074 viderentur,
1495 2035 1543 2065 ne

147 2084 354 2132 quingenta
380 2082 531 2130 quidem
555 2093 648 2121 vasa
673 2084 711 2123 in
735 2094 869 2122 navem
897 2084 1128 2132 imposuisse,
1155 2085 1275 2133 egisse
1286 2085 1402 2131 igitur
1413 2087 1546 2122 contra

148 2139 385 2190 syngraphae
407 2140 535 2178 verba.
587 2140 694 2186 Quod
722 2152 850 2180 verum
875 2151 962 2179 esse
985 2144 1117 2179 orator
1137 2141 1361 2180 testimoniis
1382 2141 1546 2180 affirmat

143 2199 338 2249 (15—220).
397 2197 493 2237 Tum
520 2197 682 2248 explicat
706 2199 745 2239 in
772 2199 987 2250 syngrapha
1010 2200 1255 2240 constitutum
1284 2211 1380 2248 esse,
1404 2203 1450 2240 ut
1472 2201 1549 2239 tria

150 2259 251 2297 milia
275 2268 452 2303 vasorum
478 2257 565 2303 vini,
593 2268 692 2304 quae
715 2258 871 2297 Artemo
898 2261 939 2297 et
958 2259 1207 2305 Apollodorus
1231 2259 1379 2305 pignori
1404 2259 1552 2303 darent,

236 2391 268 2447 l)
291 2386 311 2452 ‘g
338 2391 358 2435 8
392 2391 551 2436 »ἐδάνεισα
581 2392 661 2446 μετά
691 2393 776 2447 ξένου
807 2394 892 2450 τινός
914 2392 1060 2458 ἡμετέρου
1086 2395 1264 2458 Καρυστίου
1292 2396 1454 2457 τριάκοντα
1479 2397 1559 2453 μιᾶς

154 2463 327 2500 ἅργιιρέοι».«
342 2486 345 2488 -

217 2521 482 2542 (Βοὴιιιιιιιοιρῐοοε).
1283 2515 1305 2538 2
