1822 2904
202 279 587 329 Halicarnassensis1)
626 279 811 328 insignem
851 281 888 319 in
926 283 1089 329 utraque
1116 282 1239 318 artem
1269 278 1443 320 laudibus
1470 278 1616 320 efferat.

199 342 392 381 Orationis
419 345 546 380 autem
568 341 764 380 Lacriteae
790 341 839 379 de
866 340 1010 389 origine
1024 340 1316 380 Demosthenica
1343 340 1417 379 iam
1444 344 1611 380 veterum

201 413 224 440 a
250 401 452 448 nonnullis,
477 411 637 449 quorum
659 401 810 439 nomina
831 401 1063 448 ignoramus,
1088 400 1303 439 dubitatum
1317 411 1402 439 esse
1419 411 1487 439 nos
1502 400 1615 440 docet

202 461 439 509 Libanius2),
478 461 543 510 qui
579 461 659 510 ipse
693 472 823 500 eorum
855 463 1081 508 argumenta
1115 460 1221 508 parvi
1256 460 1458 499 existimat.
1491 483 1526 488 —
1557 460 1614 501 Ne

200 522 259 560 his
295 521 443 569 quidem
477 521 713 569 temporibus
751 521 920 559 homines
954 520 1053 559 docti
1088 522 1329 559 consentiunt
1356 520 1402 559 de
1428 520 1504 558 illis
1532 532 1616 559 ora-

203 582 381 620 tionibus.
432 581 527 620 Nam
554 580 834 630 praetermissis
861 581 904 619 A.
930 579 975 619 G.
1004 580 1205 629 Beckeross)
1233 580 1402 631 aliisque,
1431 581 1494 630 qui
1516 580 1613 620 Ben-

203 642 313 680 seleri
341 646 379 680 et
407 641 598 680 Schaeferi
625 641 825 680 sententiis
851 641 1019 680 nondum
1045 640 1210 688 vulgatis
1237 640 1467 689 floruerant,
1502 641 1615 680 etium

203 705 404 751 postquam
440 700 634 740 Arnoldus
672 700 848 740 Schaefer
894 700 1015 740 edidit
1058 701 1210 740 tertium
1254 700 1427 740 volumen
1473 701 1616 750 egregii

206 762 331 810 operis
365 761 424 799 sui
461 761 507 799 de
534 761 788 800 Demosthene
824 765 864 799 et
899 761 1031 810 rebus,
1066 772 1181 809 quae,
1218 772 1292 809 quo
1323 765 1489 810 tempore
1514 761 1617 809 vixit,

208 826 338 869 gestae
362 825 463 869 sunt,
491 821 570 859 eius
596 821 770 859 iudicium
800 820 847 859 de
872 821 1042 859 oratione
1067 821 1105 858 in
1132 820 1438 869 olympiodorum
1465 821 1503 859 in
1530 832 1616 860 con·

207 882 431 920 troversiam
457 886 630 920 vocatum
656 884 716 919 est
741 880 790 918 ab
817 880 979 919 Henrico
1007 880 1136 929 Weil⁴)
1161 881 1461 929 praeclarissimo
1485 881 1550 920 illo
1576 884 1617 919 et

207 942 423 980 doctissimo
468 941 612 980 editore
651 952 734 979 cum
777 941 936 979 aliorum
990 941 1217 990 scriptorum
1255 940 1485 980 Graecorum
1536 944 1617 980 tum

207 1002 497 1050 Demosthenis,
543 1002 605 1050 qui
648 1013 722 1050 quo
760 1002 841 1040 iure
874 1012 956 1040 eam
993 1001 1237 1039 Demostheni
1272 1001 1448 1040 tribuerit
1483 1004 1619 1050 postea

207 1062 430 1100 videbimus.

306 1136 363 1174 De
401 1135 642 1174 orationibus
675 1138 803 1173 autem
841 1138 880 1173 et
910 1135 946 1173 in
975 1134 1229 1174 Macartatum
1257 1138 1297 1173 et
1322 1135 1359 1173 in
1388 1134 1526 1174 Lacriti
1553 1146 1617 1173 ex-

206 1197 417 1245 ceptionem
444 1206 543 1234 nunc
565 1206 705 1242 omneS‚
733 1195 805 1233 nisi
824 1195 945 1242 fallor,
974 1195 1393 1244 SchaeferiBlassiique
1408 1195 1619 1233 sententiae

207 1257 262 1295 ita
289 1256 564 1302 assentiuntur,
589 1257 633 1293 ut
658 1253 743 1292 illas
769 1265 792 1292 a
812 1254 1065 1293 Demosthene
1091 1258 1199 1292 ortas
1226 1265 1308 1292 esse
1333 1265 1442 1303 posse
1469 1257 1618 1302 negent.

210 1316 328 1354 Cuius
368 1315 516 1353 nomine
555 1325 627 1352 non
666 1314 819 1361 dignam
855 1324 937 1352 esse
972 1314 1181 1352 orationem
1213 1315 1250 1352 in
1277 1314 1531 1353 Macartatum
1558 1325 1618 1353 ac-

206 1375 442 1415 curatissime
460 1373 620 1423 probare
642 1373 792 1412 studuit
806 1372 865 1412 W.
879 1373 1190 1422 Rohrmannus5).
1240 1373 1404 1420 Quocum
1421 1374 1617 1412 consentio

208 1448 281 1476 non
304 1440 381 1475 tam
405 1436 442 1474 in
469 1434 627 1484 singulis
649 1433 825 1473 omnibus
845 1433 959 1473 rebus
981 1434 1147 1483 quamin
1160 1446 1215 1482 eo,
1240 1434 1340 1484 quod
1357 1433 1618 1474 Demosthenis

208 1508 290 1535 esse
315 1496 421 1534 illam
448 1507 496 1534 ne
520 1495 784 1533 somniandum
812 1494 960 1544 quidem
986 1505 1070 1532 esse
1095 1499 1236 1533 censet.
1282 1495 1322 1532 In
1337 1496 1464 1542 priore
1477 1495 1616 1533 disser-

207 1555 362 1594 tationis
398 1557 511 1603 parte
538 1553 599 1592 ille
625 1553 671 1591 de
698 1553 810 1591 rebus
836 1554 873 1591 in
901 1553 1023 1591 altera
1051 1553 1097 1591 de
1126 1554 1250 1591 verbis
1275 1554 1299 1592 i.
1327 1565 1359 1592 e.
1388 1554 1434 1592 de
1461 1557 1617 1592 externa

206 1616 327 1654 forma
352 1614 533 1652 orationis
560 1613 723 1652 disserit.
772 1614 813 1652 In
837 1613 903 1652 illa
929 1617 1030 1652 recte
1055 1613 1297 1661 reprehendit
1323 1613 1479 1651 debilem
1503 1624 1616 1661 argu-

207 1675 491 1722 mentationem,
519 1676 621 1712 recte
647 1673 884 1712 demonstrat
913 1669 1100 1711 oratorem
1129 1674 1259 1712 multis
1289 1685 1396 1712 usum
1423 1684 1506 1713 esse
1533 1684 1616 1712 ver-

210 1736 281 1782 bis,
308 1746 380 1773 non
399 1734 644 1782 argumentis,
668 1734 857 1782 permulta
871 1734 1055 1782 attulisse,
1082 1744 1180 1782 quae
1205 1733 1251 1771 ad
1277 1745 1353 1772 rem
1380 1734 1531 1772 omnino
1545 1744 1619 1772 non

208 1795 434 1843 pertineant.
486 1793 559 1831 Sed
580 1793 617 1831 in
641 1804 694 1839 eo,
720 1793 821 1842 quod
840 1797 955 1841 caput
970 1796 1039 1839 est,
1059 1796 1164 1831 errat
1177 1793 1451 1840 Rom-mannus,
1478 1793 1618 1841 quippe

207 1854 270 1904 qui
296 1854 575 1903 Theopompum
604 1853 759 1902 eiusque
786 1856 874 1902 post
901 1856 1058 1892 mortem
1085 1852 1336 1892 Macar-tatum
1366 1853 1507 1902 optimo
1533 1852 1616 1891 iure

210 1914 413 1953 secundum
445 1914 565 1961 legem
594 1912 776 1961 'Hagniae
803 1913 851 1951 11.
892 1913 1140 1952 hereditatem
1177 1914 1306 1952 iniisse
1339 1913 1488 1952 iudicet.
1548 1911 1618 1951 Cui

210 1974 422 2012 sententiae
457 1973 491 2011 si
528 1973 818 2020 assentiremur,
865 1975 1023 2021 propter
1058 1973 1195 2011 malam
1232 1983 1384 2011 causam
1419 1971 1513 2011 adeo
1546 1981 1622 2009 non

295 2105 324 2144 1)
350 2104 440 2145 »περὶ
462 2102 518 2145 τῆς
538 2104 674 2144 λεκτικῆς
694 2103 914 2144 Δημοσθένους
935 2103 1125 2144 δεινότητος(
1158 2113 1185 2135 c.
1210 2103 1248 2134 13
1279 2102 1432 2138 »τοιοῦτός
1453 2103 1519 2133 ἐστι
1541 2100 1624 2142 (scil.

211 2158 348 2198 καθαρὸς
369 2157 418 2186 καὶ
441 2156 570 2198 ἀκριβής
590 2157 640 2187 καί
663 2156 760 2196 σαφής
776 2179 783 2188 .
802 2179 809 2186 .
828 2155 853 2196 .)
876 2179 883 2186 .
908 2179 915 2185 .
941 2178 948 2187 .
970 2155 1020 2186 καὶ
1043 2155 1058 2185 ὅ
1080 2155 1148 2186 κατ’
1167 2154 1413 2196 Ὀλυμπιοδώρου
1432 2154 1490 2196 ’τῆς
1505 2155 1625 2197 βλάβης

213 2231 220 2239 .
245 2232 252 2239 .
277 2231 284 2239 .
308 2209 357 2238 καὶ
379 2207 398 2248 ἦ
420 2208 496 2249 πρὸς
518 2208 731 2250 Μακάρταιον
754 2207 931 2238 διαδικασία
954 2230 962 2239 .
987 2231 994 2239 .
1017 2220 1046 2238 .«
1427 2210 1429 2213 '

296 2260 329 2299 2)
351 2260 516 2294 ’Υπόθεσις
534 2259 577 2290 ud
602 2258 833 2290 Demosthenis
855 2268 942 2299 quae
967 2258 1079 2291 fertur?
1096 2269 1142 2291 or.
1166 2259 1302 2292 XXXV.

295 2310 326 2349 3)
354 2309 615 2342 »Demosthenes
637 2310 686 2342 als
709 2311 923 2342 Staatsmann
946 2311 1014 2342 und
1036 2310 1187 2344 Redner«
1211 2311 1253 2343 ΙΙ.
1277 2323 1306 2353 p.
1331 2312 1403 2351 428,
1424 2313 1497 2352 438,
1519 2313 1591 2346 452.

293 2363 326 2402 4)
355 2362 435 2395 »Les
453 2362 642 2404 harangues
662 2363 702 2395 de
714 2362 956 2396 Demosthene«
981 2362 1075 2395 Paris
1089 2363 1180 2396 1873.
1206 2363 1439 2398 Introduction
1450 2376 1481 2407 p.
1494 2365 1624 2399 x-XL

299 2414 330 2454 5)
359 2414 495 2447 »Oratio
519 2425 604 2455 quae
628 2417 679 2447 est
700 2417 819 2449 eontra
840 2415 1067 2448 Macar-tatum
1091 2426 1171 2448 num
1196 2416 1428 2451 Demosthenis
1451 2428 1520 2451 esse
1541 2417 1629 2451 iudi-

225 2466 333 2499 canda
355 2466 417 2499 sit«
442 2467 582 2501 Dissert.
604 2467 718 2512 inaug.
742 2467 893 2511 Gotting.
918 2467 1007 2502 1875.
