1822 2904
989 173 1039 210 24

308 278 354 318 de
387 277 557 328 Hagniae
589 275 810 319 hereditate
851 283 1162 320 commemoratur
1200 282 1239 320 et
1275 278 1536 330 illustratur-¹).
1596 279 1712 320 Cuius

313 338 409 388 legis
437 350 519 379 eam
544 343 714 390 partem,
740 350 837 389 quae
860 340 899 383 in
926 340 1002 380 hac·
1020 351 1135 380 causa
1159 336 1311 380 maximi
1336 343 1396 380 est
1421 341 1619 394 momenti,
1647 339 1720 380 hoc

314 398 397 437 loco
431 397 567 439 afferre
601 397 689 438 mihi
723 397 855 438 liceat:
892 398 988 437 »ε’ἀν
1018 398 1065 437 δὲ
1093 396 1231 450 μηδεὶς
1254 391 1281 451 ᾗ
1308 395 1408 447 πρδς
1433 398 1583 449 πατρὸς
1606 403 1720 449 μέχρι

314 457 495 512 ἀνεψιῶν
530 457 707 508 παίδων,
751 457 842 502 τούς
888 457 986 508 πρὸς
1024 458 1170 508 μητρός
1210 461 1363 508 κυρίους
1397 451 1500 496 εἶναι
1532 459 1635 497 και-α’
1656 458 1719 497 ’τά

318 530 459 556 &vva-G
1239 550 1243 554 .

417 575 523 623 Quae
557 574 672 613 verba
709 574 877 613 homines
921 573 1022 613 docti
1071 573 1135 613 aiii
1181 573 1293 616 aliter
1334 573 1572 624 interpretati
1617 577 1718 615 sunt.

320 634 587 674 Praetermitto
614 644 699 680 eos,
733 633 798 682 qui
824 635 916 671 ante
943 631 1238 672 Schoemannum
1266 633 1304 671 in
1331 643 1377 671 ea
1401 631 1720 682 inquisiverunt’).

319 692 424 732 Illius
437 691 696 740 senteutiam⁸)
711 691 759 730 de
773 689 1005 740 Theopompi
1024 690 1418 740 inrepropinquitatis
1439 689 1612 739 equidem
1635 701 1719 730 cum
1791 717 1799 721 >

319 751 483 802 probem,
507 753 683 790 accurate
708 747 910 798 explicabo.
939 771 982 778 -
1010 748 1161 798 Optimo
1187 748 1269 788 iure
1296 752 1335 787 et
1364 747 1536 797 Hagniae
1561 751 1720 788 matrem
1785 795 1790 797 ,

319 816 359 850 et
392 810 618 850 Glauconem
654 808 727 857 (vel
762 808 991 848 Glauconem
1028 812 1067 847 et
1093 808 1290 856 Glaucum)
1324 808 1415 847 vicit
1451 807 1720 861 Theopompus,

320 880 441 919 neque
467 868 566 907 enim
592 868 704 906 matri
733 867 848 906 ullum
876 867 935 906 ius
958 877 1041 922 esse
1066 870 1106 906 et
1131 867 1355 916 sobrinam⁴)
1381 866 1533 906 sobrino
1545 866 1719 916 postponi

319 928 526 969 secundum
554 927 675 976 legem
688 959 697 976 ,
732 937 829 976 quae
855 927 960 965 iubet
984 928 1144 975 κρατεῖν
1168 926 1257 971 τούς
1281 923 1448 975 ἅῤῥενας
1472 925 1538 964 καὶ
1562 923 1653 970 τούς
1678 927 1721 965 ἐκ

319 989 399 1026 τῶν
432 987 608 1037 ἀρῤένων
640 989 804 1035 apparet
839 997 884 1024 ex
917 985 1015 1024 Isaei
1051 984 1232 1024 orationis
1258 983 1281 1034 ἓ
1307 987 1363 1023 17.
1391 1006 1438 1012 -
1466 984 1600 1024 Matris
1628 994 1718 1025 vero

318 1047 452 1097 petitio
496 1057 578 1086 cum
620 1044 770 1093 repulsa
806 1047 928 1092 esset,
972 1046 1075 1083 certo
1112 1044 1192 1083 eius
1226 1041 1311 1082 filiis
1348 1054 1393 1082 ex
1426 1041 1546 1083 altero
1582 1041 1719 1084 marito

320 1105 458 1155 genitis
493 1115 567 1143 non
599 1103 706 1142 licuit
737 1102 986 1141 hereditatem
1020 1105 1158 1151 petere.
1186 1123 1232 1129 —
1258 1100 1311 1140 Ut
1339 1100 1408 1141 hos
1438 1102 1494 1140 ita
1521 1100 1719 1143 Stratoclis

318 1165 434 1204 filium
447 1164 712 1212 Theopompus
735 1162 825 1201 vicit
846 1162 1011 1211 vicitque
1030 1161 1177 1200 iniuria.
1226 1160 1362 1199 Omnia
1373 1160 1471 1199 enim
1484 1164 1718 1210 argumenta,

319 1224 454 1273 quibus
488 1223 527 1262 in
564 1232 646 1261 eum
680 1220 739 1259 vel
774 1220 812 1258 in
847 1220 928 1258 eius
961 1223 1126 1259 tutorem
1159 1229 1252 1258 usus
1290 1222 1370 1268 est,
1409 1226 1512 1257 vera*
1529 1219 1719 1268 videntur,

319 1286 410 1321 sunt
446 1280 554 1320 falsa.
618 1278 750 1319 Verbis
789 1280 887 1318 enim
926 1283 1040 1327 μέχρι
1082 1278 1161 1316 τῶν
1196 1278 1377 1332 ἀνεψιῶν
1410 1277 1569 1315 παίδων
1599 1277 1718 1316 Buer-

319 1339 513 1388 mannus5)
539 1338 630 1377 mihi
652 1337 840 1388 persuasit
867 1336 939 1376 dici
965 1347 1039 1375 non
1065 1336 1185 1375 solum
1210 1335 1308 1376 filios
1332 1335 1399 1375 sed
1422 1339 1541 1376 totam
1561 1336 1717 1386 stirpem

318 1400 512 1454 ἀνεψιῶν.
574 1397 675 1446 Ergo
723 1396 770 1435 de
809 1395 1105 1446 propinquitatis
1149 1396 1228 1435 iure
1268 1395 1475 1435 adversarii
1513 1406 1587 1435 non
1621 1394 1717 1435 dixit
1788 1429 1792 1432 .

320 1470 447 1498 verum
473 1457 614 1498 Isaeus.
644 1480 682 1485 —
716 1456 825 1495 Nunc
849 1458 910 1495 est
936 1455 1207 1505 quaerendum,
1238 1459 1366 1494 utrum
1393 1454 1645 1504 Phylomache
1669 1455 1718 1495 II.

318 1518 366 1556 ab
395 1517 457 1555 illo
481 1516 581 1555 victa
615 1516 666 1554 sit
700 1515 782 1553 iure
808 1526 856 1553 an
882 1513 1028 1552 iniuria.
1077 1513 1237 1562 Agnatis
1261 1515 1537 1554 successionem
1564 1515 1631 1553 dat
1655 1514 1718 1553 ilia

317 1575 411 1624 lex⁶)
436 1579 549 1623 μέχρι
569 1573 752 1628 α’νεψιιιῖν
775 1572 944 1611 παίδων.
997 1572 1155 1619 Quinam
1177 1576 1269 1612 sunt
1286 1572 1339 1612 illi
1358 1572 1538 1627 ἀνεψιῶν
1556 1573 1721 1618 παῖδεςῗ

319 1636 532 1684 Synonyma
566 1645 648 1672 esse
678 1633 882 1685 »ἀνεψιῶν
908 1630 1072 1677 naides«
1100 1636 1139 1671 et
1169 1632 1431 1687 »ἀνεψιαδοῖι
1459 1637 1592 1673 contra
1618 1633 1719 1672 Bun·

317 1693 496 1742 senium')
528 1692 704 1741 probavit
741 1691 1029 1730 Schoemannus.
1095 1691 1202 1731 Idem
1239 1695 1341 1731 recte
1374 1691 1611 1731 demonstrat
1645 1703 1720 1731 non

318 1762 383 1790 eos
414 1751 534 1790 solum
558 1751 684 1789 vocari
709 1750 951 1800 (alicuius)
978 1750 1244 1802 ἀνεψιαδοῦς,
1280 1751 1342 1798 qui
1379 1754 1524 1799 patrem
1555 1750 1721 1789 habeant

319 1809 430 1849 huius
456 1808 731 1853 consobrinum,
754 1819 830 1857 quo
857 1809 1006 1847 nomine
1033 1807 1244 1857 patruelem
1269 1812 1309 1847 et
1334 1809 1529 1848 amitinum
1554 1819 1721 1858 compre-

402 1949 436 1986 1)
459 1947 478 1987 ξ
503 1946 595 1984 2-3,
619 1946 749 1978 10-12.
792 1945 839 1978 Of.
862 1945 902 1977 Is.
927 1944 998 1986 VII,
1021 1945 1071 1978 22.

400 1999 433 2040 2)
457 1998 527 2031 lam
559 1999 638 2030 ante
668 1997 934 2030 Schoemannum
964 1996 1149 2030 Eumenius
1172 1996 1194 2028 1.
1215 2006 1242 2029 c.
1265 2006 1298 2038 p.
1321 1997 1372 2036 29,
1395 1997 1445 2035 80,
1467 1996 1508 2030 33
1538 1997 1719 2031 maximam

317 2049 352 2083 in
377 2052 505 2092 partem
528 2049 683 2082 similiter
706 2052 810 2090 atque
832 2049 891 2081 ille
915 2048 1086 2081 iudicavit.

400 2103 432 2142 3)
457 2101 506 2135 Cf.
529 2101 803 2135 commentarium
832 2101 867 2134 in
896 2099 982 2134 Isaei
1005 2110 1051 2134 or.
1073 2100 1130 2133 XI.
1156 2111 1186 2142 p.
1206 2101 1279 2135 451.
1300 2102 1362 2134 455
1384 2112 1455 2144 sqq.
1477 2120 1512 2128 —
1537 2102 1583 2137 cf.
1605 2103 1720 2137 Graue-

317 2155 455 2188 hoffium
480 2155 500 2188 l.
523 2165 550 2187 c.
576 2165 607 2195 p.
629 2154 763 2192 33—42‚
787 2154 1033 2187 Buermannum
1056 2153 1077 2185 1.
1099 2164 1126 2186 c.
1149 2164 1181 2195 p.
1204 2153 1275 2186 376.

400 2207 433 2247 4)
458 2206 570 2241 Mater
602 2205 690 2239 enim
714 2205 866 2248 Hagniae
895 2207 969 2239 erat
999 2205 1070 2237 filia
1097 2204 1329 2245 Phametrati,
1360 2216 1451 2239 soror
1473 2206 1593 2242 Stratii
1614 2207 1657 2240 11.
1680 2227 1718 2233 —

316 2259 362 2293 cf.
386 2258 428 2292 Is.
451 2260 470 2301 9
493 2258 523 2298 8,
548 2258 596 2292 17.

400 2312 432 2350 5)
456 2311 479 2342 1.
501 2321 527 2343 c.
551 2321 583 2352 p.
606 2311 668 2342 376
688 2321 759 2350 sqq.

398 2363 433 2400 6)
464 2362 518 2394 Ita
548 2361 759 2395 scribendum
789 2371 875 2400 esse,
913 2370 978 2393 non
1007 2361 1184 2398 ἀνεψιαδῶν
1210 2361 1332 2394 παίδων
1363 2361 1609 2397 Schoemannus
1640 2363 1662 2398 1.
1692 2374 1721 2398 c.
1765 2381 1767 2383 ·

311 2426 344 2458 p.
366 2415 428 2448 455
451 2414 601 2457 exponit.

393 2468 428 2510 7)
452 2467 475 2499 l.
497 2477 524 2499 c.
547 2478 577 2509 p.
603 2468 651 2500 10.
