1822 2904
846 133 868 169 5

140 235 496 285 reprehenderemus
529 236 688 276 debilem
721 240 882 277 oratoris
919 240 1297 287 argumentationem.
1347 240 1422 278 Sed
1449 241 1545 279 falso

139 295 414 347 interpretatus
431 298 499 335 ‘est
522 296 584 349 ille
608 297 711 353 legis⁴
727 298 843 337 verba
872 306 1008 349 »μέχρι
1033 302 1113 337 τῶν
1138 299 1321 353 ἀνεψιῶν
1349 299 1542 338 namma«

140 375 190 385 —-
220 355 265 394 In
302 356 423 394 altera
457 360 568 405 parte
587 357 650 395 ad
686 359 911 397 sententiam
946 371 1050 398 suam
1079 359 1396 407 comprobandam
1422 360 1544 398 muita

139 414 370 463 praebetille
396 420 621 465 argumenta
646 421 686 456 et
711 429 799 457 vera
826 422 868 457 ut
880 430 1053 467 magnam
1073 418 1273 458 verborum
1295 418 1543 458 latitudinem.

142 473 215 516 Sed
243 475 280 513 in
308 475 391 514 aliis
419 473 547 515 multis
572 477 657 522 fieri,
679 489 752 515 non
779 482 907 526 potest
932 479 1021 527 quin
1048 478 1249 517 offendam.
1298 478 1396 517 Nam
1410 489 1545 527 parum

139 532 378 582 comparasse
422 535 511 573 mihi
557 535 619 574 ille
662 537 813 575 videtur
854 538 1063 576 orationem
1098 537 1234 575 XLIII.
1273 538 1371 576 veris
1411 538 1546 576 Demo-

140 592 319 632 sthenicis
362 605 480 644 nequ(¹
523 595 687 634 omninov
715 596 797 635 aliis
842 597 988 636 confert
1030 598 1098 636 nisi
1138 597 1370 636 orationibus
1409 603 1543 636 contra

140 656 290 693 tutores
325 654 476 703 scriptis
507 666 529 693 a
550 655 809 704 ¹Demosthene
836 657 1085 695 adolescente.
1139 657 1263 695 Multa
1291 667 1402 704 porro
1431 667 1544 704 argu-

86 726 90 728 ·
116 710 265 761 ,menta
292 714 433 753 omittit
458 714 531 761 ille,
557 715 736 754 nonnulla
762 716 891 764 affert,
912 728 1014 765 quae
1041 718 1216 756 omittere
1243 729 1324 756 eum
1353 717 1542 766 oportuit3

139 773 231 823 quin
266 774 378 812 etiam
412 774 509 812 falsa
546 779 748 813 occurrunt
782 779 825 813 ut
858 787 921 823 ea,
956 788 1052 824 quae
1079 778 1127 815 de
1155 778 1358 825 partitione
1384 778 1543 825 πρῶτον

136 834 212 881 μὲν
243 854 285 860 -
312 834 451 871 ἔπειτα
483 834 645 873 disserit.
706 835 829 882 Quare
872 836 1100 874 Rohrmanni
1144 837 1449 875 dissertationem
1489 836 1538 874 ad

104 915 108 918 ·
137 895 372 944 probandam
395 895 575 934 orationis
590 895 846 933 Macartateae
871 896 1049 944 originem
1077 896 1539 944 pseudodemosthenicam

138 954 247 1003 plane
269 965 344 993 non
368 954 538 993 sufficere
564 954 737 1005 equidem
763 965 910 995 censeo.

235 1025 359 1063 Meam
386 1025 683 1063 dissertationem
710 1028 911 1073 postquam
939 1027 1011 1063 iam
1039 1026 1088 1063 ad
1113 1026 1224 1063 finem
1251 1026 1410 1073 perduxi
1435 1030 1474 1063 et
1498 1026 1536 1062 in

136 1084 298 1124 medium
324 1084 490 1133 proferre
519 1084 609 1122 mihi
634 1085 826 1133 proposui,
852 1095 950 1122 nova
977 1085 1181 1133 disputatio
1208 1086 1310 1123 edita
1335 1089 1394 1123 est
1415 1086 1460 1123 de
1480 1085 1537 1123 his

137 1145 381 1184 orationibus.
434 1145 592 1193 Scripsit
626 1145 724 1182 enim
750 1144 892 1183 Paulus
919 1144 1050 1193 Uhle1)
1085 1145 1131 1183 de
1163 1147 1375 1183 orationum
1404 1145 1538 1182 Demo-

136 1204 261 1242 stheni
304 1203 399 1242 falso
444 1204 680 1242 addictarum
722 1204 973 1252 scriptoribus
1012 1205 1274 1253 quaestionum
1313 1204 1538 1251 particulam

134 1263 305 1313 primam,
330 1264 367 1302 in
395 1274 469 1313 qua
496 1263 774 1302 demonstrasse
799 1263 871 1302 sibi
897 1264 1078 1312 videtui-²)

68 1370 71 1373 ἢ
234 1325 271 1370 a)
298 1324 489 1361 orationes
516 1324 669 1371 XXXV,
697 1324 908 1372 XXXXIII,
935 1324 1170 1362 XXXXVIII
1205 1324 1254 1361 ab
1290 1334 1363 1361 uno
1393 1323 1539 1360 eodem-

135 1393 208 1433 que
236 1383 419 1433 scriptore
445 1384 674 1433 compositas
701 1395 794 1432 esse,

234 1444 275 1491 b)
301 1445 489 1483 orationes
516 1445 732 1493 XXXXVI,
759 1445 988 1492 XXXXVII,
1014 1444 1229 1493 XXXXIX,
1257 1445 1305 1493 L,
1331 1443 1416 1491 LII,
1439 1443 1539 1488 LIII,

131 1503 220 1541 LIX
246 1505 310 1542 uni
336 1505 528 1554 eidemque
555 1506 699 1543 auctori
725 1516 808 1543 esse
834 1505 1117 1551 adscribendas,

232 1563 266 1612 c)
304 1575 377 1602 non
419 1565 589 1603 dubium·
613 1576 696 1603 esse
730 1575 858 1613 posse,
905 1565 994 1613 quin
1038 1564 1179 1613 optimo
1223 1564 1302 1602 iure
1345 1563 1534 1601 orationes

131 1623 344 1670 XXXXHI,
371 1625 616 1672 XXXXVIII,
640 1625 815 1671 XXXVss)
842 1636 864 1661 a
882 1625 1062 1672 scriptore
1077 1623 1285 1670 XXXXVI,
1306 1622 1532 1667 XXXXVII‚

131 1684 341 1731 XXXXIX,
368 1684 409 1733 L,
437 1684 515 1732 LII,
541 1684 622 1734 LII,
650 1684 735 1723 LIX
762 1684 959 1723 abiudicet.

232 1755 300 1793 Cui
328 1756 536 1793 assentitur
554 1755 799 1803 Windelius⁴)
825 1756 861 1793 in
889 1765 912 1792 a
939 1757 977 1792 et
1003 1755 1038 1801 b,
1065 1765 1138 1791 non
1164 1754 1203 1791 in
1232 1764 1278 1791 c.v
1316 1753 1402 1800 Ipse
1427 1763 1536 1800 prae-

131 1816 314 1854 termissis
342 1815 574 1854 orationibus
600 1814 739 1865 XLVI,
767 1814 925 1862 XLVII,
950 1814 1091 1861 XLIX,
1120 1813 1173 1861 L,
1199 1812 1286 1859 LII,
1312 1812 1421 1859 LIII,
1447 1811 1535 1850 LIX

132 1887 368 1925 nequaquam
394 1877 587 1915 consentio
612 1887 693 1915 cum
715 1876 826 1915 Uhlio
852 1880 890 1914 et
903 1875 1108 1920 Windelio;
1135 1874 1224 1913 mihi
1249 1873 1347 1912 enim
1373 1872 1435 1910 ille
1457 1882 1536 1910 non

133 1937 280 1975 videtur
303 1936 582 1975 demonstrasse
603 1947 657 1975 or.
678 1936 833 1984 XXXV,
860 1936 997 1982 XLIII,
1025 1935 1183 1973 XLVIII
1207 1934 1256 1972 ab
1286 1944 1361 1972 uno
1387 1933 1536 1971 eodem-

130 2007 203 2046 que
236 1996 420 2044 scriptore
456 1996 684 2045 compositas
719 2007 811 2035 esse.
871 1995 1001 2043 Neque
1036 1995 1132 2033 enim
1168 2003 1258 2033 usus
1294 1996 1353 2032 est
1388 2004 1535 2032 summa
1576 2007 1583 2019 ·

130 2056 194 2094 illa
220 2055 395 2094 cautione
421 2066 531 2103 quam
558 2077 607 2082 —
634 2060 678 2094 ut
705 2057 779 2093 iam
807 2056 956 2104 supra5)
982 2056 1056 2093 dixi
1084 2076 1130 2083 —
1155 2055 1426 2093 observandam
1452 2065 1535 2092 esse

214 2172 244 2212 1)
269 2171 404 2205 Dissert.
428 2171 541 2214 inaug.
565 2172 652 2214 Lips.
677 2172 768 2205 1883.

211 2224 245 2265 2)
268 2223 290 2256 1.
315 2234 342 2256 c.
366 2235 399 2266 p.
423 2225 492 2257 118.
569 2227 573 2231 “

210 2275 243 2315 3)
267 2275 387 2308 Omisit
407 2275 470 2307 hoc
492 2275 567 2308 loco
590 2275 709 2308 Uhlius
731 2286 777 2309 or.
800 2275 934 2309 XXXV.

208 2327 241 2367 4)
265 2325 452 2360 Recension
474 2338 504 2359 v,
530 2327 704 2360 Windel
730 2328 983 2361 »Wochenschn
1009 2328 1063 2360 fiir
1085 2328 1178 2360 class.
1204 2326 1409 2368 Philologie‹
1444 2325 1536 2358 1884.

78 2386 82 2389 ·
125 2378 176 2412 39.
197 2389 230 2420 p.
255 2378 335 2411 1223
350 2379 472 2412 -1229.

208 2430 420 2474 amna
