1822 2904
232 299 270 333 et
304 296 503 343 negative,
540 296 651 334 modo
688 296 877 343 gradatim
906 297 966 334 vel
996 296 1229 334 descendens
1262 296 1319 333 vel
1345 294 1565 333 ascendens,
1591 314 1641 322 —-

232 355 293 394 Ita
328 355 527 394 enuntiata
564 355 807 394 cumulantur
842 356 880 395 in
913 355 986 406 §52
1027 358 1062 394 2.
1100 351 1193 393 οὔτε
1219 384 1228 393 .
1255 384 1264 393 .
1292 383 1301 394 .
1329 353 1448 402 ἑκών,
1483 352 1567 392 ἀλλ’
1592 353 1642 398 ῶς

232 409 320 453 οἷόν
337 406 388 452 ’τε
413 414 591 462 μάλιστα
616 412 737 462 ἄκων,
776 419 810 454 6.
835 415 1040 465 ὠργίσθην
1064 415 1131 452 καὶ
1156 414 1411 465 ἠγανάκτησα
1435 414 1506 452 ἐπὶ
1533 442 1541 450 .
1568 442 1577 450 .
1607 441 1640 460 .,

234 475 293 513 28.
319 472 529 525 ἠγανάκτει
551 496 598 503 -
622 475 712 513 ἐπεὶ
739 474 786 513 δὲ
809 475 955 525 μεστὸς
978 475 1131 525 ἐγένετο
1156 474 1400 523 ἀγανακτῶν,
1427 477 1485 512 41.
1513 471 1643 517 οὐδεὶς

233 535 306 584 γάρ
334 534 551 583 ἀντέλεγεν,
579 535 683 574 ἀλλά
711 535 958 586 συνεχώρουν
983 535 1096 574 αὐτοὶ
1123 533 1163 573 οἱ
1184 533 1375 574 ἀντίδικοι
1404 555 1464 582 --,
1493 537 1551 573 35.
1580 536 1639 572 44.
1655 535 1680 563 0

233 595 299 632 καὶ
321 594 422 643 λόγῳ
448 594 645 644 ἀκηκόατε
668 596 734 633 καὶ
761 595 1055 646 μεμαρτύρηται
1079 595 1195 644 ύμῖν,
1221 594 1287 631 καὶ
1313 593 1370 632 οὐΥ
1384 593 1509 642 μόνον
1534 593 1641 641 ἔλεγε

233 656 378 702 ταῦτα,
416 654 519 693 ἀλλά
556 655 622 693 καὶ
655 658 871 705 μαρτυρίας
898 658 1111 705 παρείχετο
1135 653 1226 703 περὶ
1252 652 1413 701 τούτου,
1451 657 1510 692 44.
1534 652 1642 701 κάγώ

234 714 317 752 οὐδ’
350 714 484 752 ὁτιοῦν
515 715 722 762 ἀντέλεγον
755 715 924 762 τούτοις,
962 714 1045 752 οὐδ’
1070 712 1217 763 ἤκουσέ
1233 726 1310 762 μου
1346 714 1482 762 φωνήν
1516 713 1643 756 οὐδεὶς

232 772 466 821 ἀνθρώπων
487 803 496 812 .
513 802 522 813 .
551 803 558 812 .
582 770 674 811 οὔτε
699 774 843 823 μικράν
868 771 960 812 οὔτε
983 772 1172 824 μεγάλην,
1194 772 1300 812 ἀλλά
1322 771 1642 822 προςωμολόγουν

233 833 371 883 ἀληθῆ
393 828 495 871 εἶναι
515 860 522 870 .
542 864 550 872 .
571 862 600 881 .,
630 837 689 872 52.
718 834 960 884 διέφθαρται
984 834 1050 872 καὶ
1077 835 1338 883 παραφρονεῖ.
1384 832 1554 881 ἀνιῶμαι
1575 833 1641 870 καὶ

233 891 486 941 αἰσχύνομαι,
516 896 575 932 53.
603 893 687 930 οὐδ’
713 893 815 932 εἰσὶν
840 894 949 942 αὐτῷ
975 894 1118 937 παῖδες
1145 892 1229 930 οὐδ’
1255 893 1451 941 ἐγένοντο,
1487 892 1545 930 54.
1570 891 1641 940 οὐχ

232 945 354 1003 ἧττον
378 975 423 980 -
452 953 555 992 ἀλλά
581 953 647 992 καὶ
673 954 836 1004 μᾶλλον,
865 955 922 995 55.
946 956 1132 1004 μαίνεται
1157 953 1223 992 καὶ
1250 954 1512 1003 παραφρονεῖ.

334 1023 587 1072 Similiterque
624 1023 753 1062 brevia
788 1025 851 1062 illa
890 1024 1108 1072 enuntiata,
1145 1034 1243 1072 quae
1267 1023 1456 1072 particula
1484 1023 1558 1072 γάρ
1586 1023 1640 1060 in-

233 1082 348 1132 ducit,
375 1087 574 1123 recurrunt
598 1084 635 1122 in
664 1082 733 1134 §52
768 1086 824 1132 10,
851 1085 911 1132 26,
938 1085 998 1132 27,
1031 1085 1091 1134 44,
1120 1087 1179 1133 51,
1196 1085 1326 1131 ·54,57.

334 1153 504 1201 Denique
531 1154 644 1191 etiam
672 1155 709 1191 in
735 1154 806 1192 hac
833 1154 1005 1192 oratione
1033 1163 1146 1202 saepe
1171 1157 1215 1192 ut
1234 1154 1272 1192 ἱιι
1286 1154 1525 1192 Macartatea
1537 1153 1639 1201 leges

233 1212 418 1251 inutiliter
453 1217 806 1254 commemorantur.
865 1213 1083 1262 Exemplum
1112 1213 1207 1252 satis
1235 1213 1286 1252 sit
1311 1224 1424 1252 unum
1454 1233 1499 1240 —
1527 1213 1640 1263 idque

236 1273 466 1311 simillimum
513 1274 774 1312 Macartateae
822 1274 1004 1312 orationis
1052 1274 1289 1323 paragrapho
1338 1277 1400 1312 19:
1455 1276 1640 1321 »γυναῖκα

235 1332 369 1370 αὐτῶν
413 1333 576 1377 ἕκαστος
614 1333 730 1383 ἔγημε
768 1332 870 1370 κατά
902 1332 992 1376 τούς
1025 1331 1170 1382 νόμους
1202 1332 1292 1376 τούς
1325 1332 1555 1381 ὑμετέρουςσ
1594 1354 1634 1359 -

233 1392 370 1431 afferre
396 1394 626 1441 paragraphi
654 1396 722 1431 53:
764 1394 951 1441 »γυναῖκα
983 1395 1058 1441 μὲν
1092 1392 1221 1438 ἀστὴν
1255 1393 1357 1430 κατα)
1383 1392 1474 1436 τούς
1499 1391 1640 1440 νόμους

233 1451 324 1495 τούς
352 1452 561 1500 ὑμετέρους
586 1451 837 1489 οὐδεπώποτ’
862 1452 1037 1501 ἔγημεν.«

334 1520 503 1560 Eandem
541 1521 658 1570 igitur
693 1521 985 1570 verbositatem,
1020 1521 1175 1560 eandem
1208 1521 1485 1570 loquacitatem,
1525 1532 1637 1571 quain

234 1581 416 1620 orationis
442 1581 579 1621 XLIII.
610 1592 691 1620 esse
720 1581 908 1630 propriam
940 1581 1212 1630 intelleximus,
1241 1580 1353 1620 huius
1380 1591 1526 1630 quoque
1556 1591 1638 1618 ora-

233 1640 346 1679 tionis
374 1642 630 1689 cognovimus.

333 1700 390 1739 Ne
412 1700 584 1740 Lacritea
620 1701 770 1750 quidem
801 1702 925 1740 oratio
961 1705 1064 1740 caret
1090 1700 1288 1740 latitudine
1313 1701 1532 1749 verborum3
1572 1700 1639 1740 sed

233 1760 270 1797 in
305 1760 375 1798 hac
408 1761 589 1799 minorem
625 1771 706 1798 esse
740 1761 1026 1809 loquacitatem,
1064 1761 1259 1809 pauciores
1284 1758 1527 1808 repetitiones
1553 1771 1639 1797 con-

233 1819 363 1858 cedere
392 1831 542 1858 uecesse
570 1825 639 1858 est.
691 1820 824 1858 Paullo
848 1820 964 1868 igitur
991 1812 1211 1858 vi'vidiorem
1235 1831 1416 1868 apparere
1439 1819 1637 1858 dictionem

235 1890 464 1929 quamquam
501 1891 574 1917 non
611 1879 825 1927 negandum
860 1883 937 1926 est,
981 1884 1107 1917 tamen
1145 1889 1225 1917 eam
1261 1878 1507 1927 brevitatem,
1543 1889 1639 1926 quae

233 1938 496 1977 Demosthenis
533 1939 766 1987 privatarum
804 1939 1013 1978 orationum
1057 1939 1210 1999 propria
1245 1944 1323 1987 est,
1369 1938 1638 1977 desideramus.

233 1999 276 2037 In
314 1998 425 2037 rebus
462 1999 562 2047 enim
601 1999 828 2046 exponendis
877 1999 1145 2039 verbositatem
1189 1999 1395 2038 invenimus
1438 1998 1639 2047 praecipue

233 2058 523 2108 repetitionibus
561 2058 752 2108 effectam,
789 2063 834 2097 ut
864 2058 996 2097 docent
1022 2051 1092 2098 hae
1118 2058 1366 2108 paragraphi:
1406 2061 1511 2096 1—4.
1540 2057 1640 2111 ἀπο-

233 2119 373 2156 δοῦναι
407 2119 659 2168 (quinquies),
702 2124 736 2157 4.
771 2121 898 2166 ἔχοντι
939 2141 977 2146 -
1016 2120 1170 2167 ἔχοντος
1205 2140 1252 2145 -
1287 2119 1408 2166 ἔχειν,
1446 2121 1553 2156 7—8.
1584 2121 1639 2156 15.

234 2178 465 2226 ὑπισχνεῖτο
475 2179 541 2215 καὶ
551 2178 763 2226 ἀνεδέχετο
793 2199 834 2205 -
857 2177 1152 2226 ἀναδεχομένου
1169 2190 1236 2227 μοι
1248 2177 1370 2215 πάντ’
1392 2178 1563 2216 ἔσεσθαι
1587 2177 1639 2214 ‘ca‘

234 2238 281 2285 δ.,
306 2237 530 2282 κελεύοντος
556 2237 698 2276 τούτου
724 2238 790 2275 καὶ
815 2237 1109 2287 ἀναδεχομένου
1135 2236 1284 2276 ἅπαντ’
1314 2239 1490 2276 ἔσεσθαί
1510 2248 1638 2286 μοι..·

232 2297 334 2335 κατά
359 2298 430 2348 τήν
457 2299 684 2350 συγγραφὴν
709 2299 819 2346 (bis),
861 2301 914 2336 17.
944 2301 998 2336 19.
1025 2298 1194 2346 ἐχρῶντο
1219 2295 1279 2335 ὅτι
1306 2297 1443 2346 ἐδόκει,
1484 2298 1638 2336 18—25.

234 2360 392 2407 πρῶτον
415 2362 489 2407 μὲν
516 2360 590 2408 γάρ
615 2364 829 2409 γέγραπται
852 2380 896 2385 -
917 2363 1130 2407 γέγραπται
1157 2360 1231 2407 μὲν
1256 2359 1384 2395 ταῦτα
1410 2358 1454 2396 ἐν
1478 2359 1528 2407 τῇ
1552 2369 1640 2406 συγ-

232 2420 363 2468 γραφῇ
379 2440 421 2445 --
443 2420 546 2458 κατά
567 2419 639 2471 τήν
665 2418 893 2468 συγγραφήν
915 2437 958 2443 -
983 2417 1069 2455 ἀπό
1095 2419 1165 2455 τοῦ
1192 2417 1351 2467 πρώτου
1375 2423 1639 2467 γεγραμμένου

233 2500 279 2505 -
306 2479 357 2516 τοὲ
385 2485 631 2529 γεγραμμένα
658 2501 705 2507 -
735 2480 778 2517 ἐν
805 2481 855 2529 τῇ
880 2480 1082 2528 συγγραφῇ
1109 2500 1154 2506 -—
1183 2481 1310 2516 ταῦτα
1337 2477 1554 2528 διάῤῥήδην
1579 2482 1636 2527 γε’-
