1822 2904
278 244 469 284 occultare
497 244 608 289 velit,
642 244 849 293 Blassius¹)
883 245 1102 299 rectissime
1119 244 1325 287 existimat
1377 245 1497 293 Quam
1522 248 1674 304 senteu-

267 304 358 343 tiam
393 307 436 343 ut
467 304 639 343 omnibus
675 303 850 354 probem,
885 304 1004 344 multa
1037 315 1256 353 enumerare
1287 315 1451 354 possum
1468 297 1668 358 exempl&

267 363 331 403 sed
375 376 420 404 ex
463 364 621 414 singulis
666 364 899 404 orationibus
934 376 1048 404 unum
1084 364 1155 405 hoc
1185 365 1265 405 loco
1301 364 1436 406 afferre
1473 366 1568 406 satis
1601 367 1666 407 sit.

264 424 438 464 Sositheo
473 424 570 464 enim
604 435 716 473 saepe
745 427 788 463 ut
814 425 851 463 in
880 423 902 473 ἓ
933 427 974 463 11
1004 424 1209 464 affirmanti
1234 435 1275 466 se
1301 424 1439 482 filium.
1448 425 1486 464 in
1515 425 1666 469 Eubuli-

262 484 334 524 dae
360 484 409 523 ΙΙ.
445 483 653 533 phratriam
690 487 729 524 et
761 483 910 524 domum
934 484 1154 534 induxisse,
1187 495 1234 524 ne
1259 484 1338 524 eius
1363 495 1456 533 gens
1481 485 1667 537 intel-Iret,

262 545 309 583 H.
333 544 523 593 Wolfius2)
549 544 623 583 iam
650 544 744 583 haec
771 545 927 594 opponit
953 544 1087 584 verba:
1116 544 1186 582 »οὐ
1211 547 1286 594 μὲι
1310 538 1391 595 οὖι,
1419 560 1449 584 ω
1471 549 1665 596 Σωσίθεε,

261 604 346 643 ἄλλ
373 603 439 643 ἵια
474 604 526 643 συ
558 604 608 643 τα
639 603 806 656 χρήματ’
839 606 937 656 ἔχῃς.
999 606 1097 645 Nam
1133 604 1305 644 Sositheo
1332 607 1455 646 semel
1488 618 1511 647 a
1545 606 1661 647 Theo·

262 676 400 715 pompo
435 665 535 705 victo
569 677 643 705 non
678 666 815 707 licebat
850 666 971 706 denuo
1010 666 1048 705 in
1084 666 1142 705 ius
1172 665 1216 705 de
1242 666 1372 707 eadem
1399 679 1440 706 re
1470 667 1574 707 adire
1600 668 1666 706 καὶ
1739 708 1742 711 ,

262 725 518 764 παλινδικεῖικ
572 726 645 765 Sed
674 737 755 765 cum
784 726 957 765 iniuriam
984 726 1053 764 sibi
1080 725 1219 764 factam
1246 730 1410 775 putaret,
1439 728 1532 778 quid
1549 727 1665 769 facit?

260 785 394 825 Filium
425 797 532 826 suum
560 785 719 836 adoptat
748 785 956 826 Eubulidae
986 816 994 826 .
1019 817 1027 825 .
1056 817 1064 826 .
1093 803 1131 825 .«
1185 785 1284 827 Idem
1311 786 1470 828 Wolfius
1495 788 1546 828 ad
1572 787 1593 839 ἓ
1620 790 1665 828 12

264 844 395 891 »ὁπως
438 848 480 884 ἐκ
520 848 588 896 τῆς
621 847 817 896 θυγατρὸς
859 845 1067 897 εἰςποιηθῇ
1098 847 1208 896 αὐτῷ
1240 839 1356 892 υἱός.
1421 865 1460 887 .«
1507 848 1668 893 adnotat

263 907 372 946 haec:
421 918 510 945 »cur
554 919 644 955 ergo
686 917 761 946 non
801 906 1107 955 primogenitum
1132 906 1185 945 illi
1220 906 1481 960 adoptandum
1517 906 1667 954 dedisti,

263 966 464 1005 Sosithee‘?
509 965 606 1012 Quia
632 977 705 1004 non
732 965 799 1005 tibi
826 965 977 1014 familia,
1006 965 1069 1005 sed
1097 965 1256 1014 pecunia
1282 977 1396 1005 curae
1420 966 1503 1006 fuit.
1552 966 1574 1004 ὅ
1594 969 1668 1017 μὲι

264 1020 333 1065 οῧι
349 1025 459 1075 λόγος
479 1023 727 1075 (εὔμορφος),
756 1025 778 1063 o‘
804 1025 850 1063 δὲ
868 1025 988 1074 λέγων
1005 1022 1207 1069 o’e'mo‘cogmt
1262 1025 1433 1065 Alterum
1459 1016 1666 1075 exe¹mplum

266 1090 391 1125 exstat
418 1086 596 1125 orationis
615 1085 784 1126 XLVIII.
811 1086 848 1123 in
877 1085 946 1134 §2
973 1085 1038 1123 ubi
1065 1088 1213 1131 orator:
1242 1084 1302 1123 »εἰ
1325 1088 1400 1142 μὲι
1423 1099 1514 1124 ουν«
1540 1085 1666 1139 inquit

265 1147 319 1196 μή
342 1145 610 1196 ἀδικούμενος,
637 1139 671 1184 ὦ
689 1143 728 1184 ἄ.
750 1145 800 1193 δ.,
826 1145 928 1184 duo?
950 1144 1103 1197 ψεῦδός
1121 1158 1159 1182 τι
1179 1145 1351 1193 ἐγκαλῶν
1370 1139 1667 1196 Ὀλυμπιοδωρῳ

266 1205 417 1245 τούτων
442 1220 480 1245 τι
506 1207 686 1254 ἐποίουν,
722 1203 746 1255 r')
771 1207 852 1249 τοϊς
878 1204 1113 1254 ἐπιτηδείοις
1136 1206 1216 1249 τοῖς
1243 1205 1350 1254 ἐμοῖς
1374 1206 1441 1244 καὶ
1465 1205 1665 1259 Ὀλυμπιο-

266 1267 394 1318 δώρου
406 1267 461 1318 μν)
479 1267 631 1306 ἐθέλων
651 1268 889 1314 ἐπιτρέπειν,
915 1262 943 1316 ἢ
956 1262 1077 1303 ἄλλου
1096 1265 1199 1309 τινὸς
1220 1266 1299 1318 τῶν
1316 1265 1476 1307 δικαίων
1495 1266 1668 1317 ἀφιστά-

264 1344 398 1379 μενος,
425 1321 474 1366 ειῗ
497 1327 602 1375 ἴστε,
631 1324 690 1365 ὅτι
716 1323 904 1365 nostru-div
929 1324 1157 1377 ᾐσχυνόμην
1180 1325 1245 1364 καὶ
1272 1324 1449 1375 ἐνόμιζον
1475 1325 1527 1366 ἄν
1550 1328 1667 1377 ἐμαυ-

265 1390 336 1428 τὸν
363 1389 515 1440 φαῦλον
543 1383 645 1426 εἶναι
669 1384 925 1437 ἄνθρωπον.«
974 1385 1098 1433 Quid‘?
1123 1385 1225 1435 quod
1251 1385 1491 1428 Callistratus
1517 1388 1598 1439 ipse
1624 1391 1668 1427 ut

264 1450 404 1489 iudices
433 1450 488 1488 ita
502 1448 710 1497 Callippum
736 1446 890 1494 decepit·
909 1445 1037 1485 dolosa
1061 1444 1206 1493 fraude,
1232 1445 1270 1484 in
1293 1457 1409 1496 quam
1431 1457 1471 1486 se
1490 1447 1666 1487 incidisse

264 1511 344 1559 ipse
380 1508 579 1547 confitetur
613 1508 650 1546 in
685 1507 706 1556 ξ
736 1509 796 1544 44.
859 1505 910 1545 Ut
954 1516 1022 1553 per
1059 1507 1177 1542 totam
1217 1507 1417 1557 utramque
1456 1507 1664 1549 orationem

262 1568 396 1607 falsum
436 1567 527 1606 illud
561 1560 661 1614 ἦθος
694 1568 918 1613 usurpatum
953 1563 1160 1602 invenimus
1199 1563 1254 1602 ita
1286 1564 1335 1604 in·
1357 1565 1554 1618 utriusque
1579 1575 1666 1605 con-

262 1619 462 1677 clusione8)
510 1626 704 1676 affectum,
758 1625 858 1675 quod
903 1623 1038 1664 Graeci
1083 1627 1218 1664 vocant
1264 1624 1415 1671 πάθος
1482 1626 1665 1678 Vitupero

264 1689 433 1736 Uhlium,
471 1688 532 1737 qui
561 1709 604 1714 —
639 1690 681 1725 ut
713 1685 1010 1735 praetermittam
1044 1694 1107 1732 ea,
1144 1683 1303 1734 quibus,
1340 1688 1385 1724 ut
1411 1685 1554 1725 iudIces
1580 1696 1666 1724 reos

264 1749 423 1796 oderint,
449 1747 543 1787 effici
572 1746 748 1796 exponit3
774 1744 911 1784 similia
931 1743 1033 1782 enim
1051 1743 1087 1782 in
1106 1743 1277 1783 omuibus
1293 1744 1456 1785 omnium
1469 1748 1663 1791 orat-orum

263 1808 494 1848 orationibus
530 1808 738 1846 invenimus
767 1828 804 1833 -
848 1816 930 1844 cum
965 1803 989 1843 l.
1018 1814 1048 1842 c.
1074 1815 1112 1852 p.
1142 1805 1187 1842 37
1225 1804 1446 1854 scriptorem
1482 1805 1664 1845 orationis

263 1868 418 1908 XXXV.
445 1867 602 1906 affectus
628 1865 856 1914 compositos
889 1858 1026 1914 (ἦθος)
1061 1862 1172 1912 plane
1206 1863 1435 1913 neglexisse,
1473 1876 1556 1906 cum
1581 1865 1606 1905 l.
1632 1876 1664 1905 c.

263 1932 397 1978 p..38‚
432 1932 475 1966 ut
508 1926 759 1965 misericordia
791 1927 1002 1970 moveatur,
1039 1923 1078 1961 in
1108 1922 1280 1962 omnibus
1306 1925 1570 1974 orationibus⁴)
1602 1936 1666 1964 ex-

264 1988 385 2038 ceptis
411 1986 565 2027 XXXV.
592 1988 629 2024 et
654 1984 734 2024 LII.
768 1983 899 2033 exponi
926 1986 1073 2021 actores
1102 1981 1150 2020 ab
1177 1982 1405 2026 adversariis
1431 1984 1579 2034 magnis
1608 1984 1664 2025 in-

262 2049 370 2088 iuriis
397 2047 550 2088 affectos
577 2057 658 2085 esse
686 2045 796 2091 dicat,
823 2043 920 2083 idem
949 2043 972 2082 l.
989 2054 1019 2082 c.
1033 2054 1068 2091 p.
1084 2045 1133 2082 40
1164 2044 1398 2084 »ostendisse
1421 2044 1495 2084 sibi
1516 2044 1665 2085 videtur

263 2110 299 2148 in
327 2107 561 2147 orationibus
587 2105 741 2148 XXXV.
770 2104 908 2144 XLIII.
935 2102 1095 2142 XLVIII.
1132 2113 1296 2143 summos
1328 2114 1410 2144 esse
1440 2103 1599 2144 affectus
1625 2105 1664 2142 et

261 2168 489 2218 compositos
518 2170 556 2206 et
581 2166 790 2206 concitatos
818 2175 925 2214 sqq.«

346 2283 377 2321 1)
400 2282 422 2315 1.
447 2292 474 2314 c.
497 2291 528 2323 p.
550 2279 622 2312 494.

349 2335 383 2376 2)
405 2334 443 2367 In
466 2343 582 2375 appar.
605 2332 642 2365 G.
667 2331 706 2364 H.
730 2328 898 2363 Schaeferi
918 2328 957 2362 V.
981 2340 1012 2370 p.
1034 2329 1083 2362 89.

350 2388 385 2422 3)
407 2386 490 2418 Mac.
514 2385 564 2417 83.
611 2383 660 2416 01.
681 2384 731 2416 57.

352 2438 384 2480 4)
409 2437 458 2471 Cf.
482 2436 567 2470 Mac.
589 2434 723 2475 71—72‚
746 2433 796 2468 01.
817 2434 906 2467 1-3,
