1822 2904
953 139 1000 175 12

254 244 354 283 bona
392 247 522 293 petere
556 243 707 282 omnino
741 252 853 293 posse
886 253 1009 292 neque
1043 253 1084 281 se
1119 240 1198 281 ullo
1225 242 1337 290 pacto
1370 251 1456 280 cum
1482 240 1671 282 Stratocle

259 304 316 342 vel
343 305 422 342 eius
448 303 525 341 filio
551 307 618 341 aut
643 303 842 351 promisso,
869 305 912 340 ut
926 301 1117 340 dimidiam
1133 300 1358 340 hereditatis
1371 303 1518 348 partem
1530 302 1674 360 pupillo
1746 354 1750 357 ψ
1804 295 1810 303 '

261 362 382 410 daret,
408 363 492 411 cogi
519 362 785 411 Theopompus
814 360 989 411 probavit
1014 360 1081 410 ita,
1109 362 1152 400 ut
1177 359 1453 399 absolveretur.

365 447 447 494 Quo
473 446 612 485 factum
639 451 713 495 est,
743 450 797 494 ut,
823 446 1006 494 quamdiu
1032 446 1137 494 vixit,
1165 445 1202 482 in
1229 445 1469 493 possessione
1494 444 1675 482 bonorum

264 507 439 555 Hagniae
463 506 512 545 11.
539 509 721 545 maneret.
775 505 1017 555 Theopompo
1043 516 1133 544 vero
1153 508 1303 544 mortuo
1318 503 1556 543 Macartatus
1575 503 1673 542 filius

263 570 307 604 ut
333 566 456 614 patris
489 566 737 604 hereditatem
775 566 859 604 iniit
890 566 946 604 ita
972 566 1120 604 illorum
1148 565 1210 603 diu
1235 576 1259 602 a
1285 568 1394 613 patre
1419 574 1675 612 possessorum

263 616 458 664 bonorum.
510 625 639 674 Neque
667 625 740 663 iam
768 635 808 663 se
833 634 999 673 unquam
1023 634 1133 674 posse
1159 625 1212 663 eis
1238 623 1379 673 privari
1402 621 1674 672 arbitrabatur,

263 695 347 724 cum
382 684 510 724 subito
547 685 585 723 in
623 695 706 723 eum
747 695 867 723 novus
905 685 1067 734 impetus
1103 685 1227 724 factus
1259 687 1320 722 est
1354 694 1378 722 a
1406 682 1675 732 Phylomacha.

263 744 322 782 Ex
355 755 433 793 qua
466 743 661 783 Sositheus
706 744 866 783 maritus
909 744 1120 792 complures
1155 743 1294 782 liberos
1329 743 1476 790 genuit,
1518 753 1673 790 quorum

261 804 444 842 maximus
469 806 561 841 natu
587 803 735 841 nomine
756 803 884 842 Sosias
910 806 1002 842 tunc
1028 802 1341 842 undevicesimum
1360 811 1499 840 annum
1521 800 1671 850 agebat,

263 873 354 901 suae
391 863 504 910 igitur
538 863 743 911 potestatis
777 867 874 901 erat.
939 863 1047 909 Quod
1084 866 1231 911 tempus
1265 865 1442 911 parentes
1480 865 1675 910 exspecta-

262 925 418 970 verunt,
455 925 500 960 ut
532 921 704 969 Hagniae
729 922 778 961 ΙΙ.
814 922 925 960 bonis
958 922 1073 970 potiri
1110 921 1231 960 denuo
1265 925 1505 960 conarentur.
1558 923 1673 962 Cuius

263 979 310 1019 de
343 980 552 1019 hereditate
586 992 668 1020 cum
695 982 769 1020 iam
796 985 911 1020 antea
936 992 1018 1020 cum
1047 981 1285 1030 Theopompo
1311 981 1546 1031 litigassent,
1584 986 1674 1021 tunc

263 1050 328 1078 eos
354 1040 613 1079 demonstrare
640 1041 831 1090 oportuit,
858 1041 996 1090 quibus
1021 1040 1167 1089 legibus
1193 1040 1268 1080 sibi
1293 1040 1576 1090 permitteretur
1591 1073 1600 1090 ,
1627 1047 1672 1081 ut

263 1100 399 1138 iterum
435 1100 607 1148 Hagniae
642 1101 692 1139 ΙΙ.
723 1100 822 1139 bona
855 1103 1042 1149 peterent.
1103 1100 1228 1147 Quare
1266 1100 1383 1139 filium
1426 1101 1587 1140 alterum
1633 1103 1673 1140 in

263 1159 474 1208 phratriam
497 1159 706 1199 Eubulidae
730 1160 777 1199 ΙΙ.
811 1160 1040 1199 induxerunt
1074 1160 1184 1208 eique
1209 1171 1342 1199 nomen
1372 1160 1581 1200 Eubulidae
1605 1162 1672 1202 111.
1703 1184 1707 1188 ν

263 1220 483 1259 indiderunt
507 1220 573 1269 ita,
601 1223 645 1258 ut
670 1220 718 1259 ab
744 1221 807 1259 illo
831 1220 1037 1269 adoptatus
1064 1220 1261 1259 videretur
1288 1220 1503 1269 eisdemque
1530 1222 1673 1261 iuribus

263 1283 455 1326 uteretur,
489 1280 627 1330 quibus
661 1280 759 1319 filius
794 1280 1008 1329 adoptivus.
1058 1280 1214 1329 Filius¹)
1241 1285 1387 1328 autem,
1422 1292 1530 1330 quem
1562 1285 1672 1330 pater

263 1340 453 1391 naturalis
483 1340 520 1379 in
555 1340 796 1389 adoptionem
829 1340 941 1380 alicui
973 1340 1150 1388 dederat,
1185 1341 1313 1389 patria
1339 1340 1448 1379 domo
1475 1341 1607 1380 relicta
1633 1342 1672 1381 in

263 1401 422 1440 alteram
449 1403 626 1449 receptus
653 1411 739 1439 cum
767 1400 970 1439 secundum
997 1401 1099 1448 leges
1113 1401 1261 1439 Atticas
1283 1401 1321 1438 in
1342 1404 1532 1449 potestate
1550 1403 1672 1451 patris

265 1460 450 1498 naturalis
478 1471 632 1498 manere
659 1471 734 1498 non
769 1464 919 1509 posset,
955 1459 1172 1509 Sositheus,
1211 1460 1276 1509 qui
1301 1460 1513 1500 Eubuliden
1538 1461 1606 1500 111.
1633 1462 1672 1500 in

264 1520 507 1568 adoptionem
534 1519 749 1558 Eubulidae
776 1520 823 1558 II.
851 1520 926 1558 iam
951 1520 1092 1558 mortui
1118 1520 1240 1569 dedit,
1266 1524 1477 1560 curatorem
1504 1521 1536 1560 ei
1564 1532 1673 1570 prae-
1744 1549 1751 1556 ,

262 1581 352 1620 fecit
378 1581 525 1620 Sosiam
552 1580 669 1618 filium
697 1580 879 1619 maiorem
906 1583 1018 1629 natu,
1055 1589 1163 1628 quem
1190 1583 1353 1619 aetatem
1388 1579 1570 1629 puerilem
1598 1580 1672 1619 iam

262 1650 455 1689 egressum
483 1651 567 1679 esse
591 1641 974 1680 commemoravimus.
1005 1660 1052 1668 —-
1079 1640 1227 1679 Deinde
1242 1644 1451 1690 postquam
1464 1640 1672 1680 Eubulides

261 1701 328 1740 111.
367 1701 443 1739 rite
477 1701 514 1738 in
553 1699 766 1739 Eubulidae
799 1701 847 1739 ΙΙ.
881 1699 1093 1749 phratriam
1136 1700 1311 1740 inductus
1354 1704 1394 1740 et
1427 1701 1465 1740 in
1501 1701 1671 1748 eiusdem

263 1761 436 1812 quamvis
481 1761 619 1800 mortui
666 1761 911 1810 adoptionem
953 1761 1211 1809 emancipatus
1254 1764 1334 1809 est,
1380 1761 1479 1801 illius
1522 1762 1671 1801 nomine

263 1822 461 1861 Sositheus
489 1821 662 1868 Hagniae
699 1821 950 1859 hereditatem
980 1820 1047 1861 *diu
1077 1831 1100 1858 a
1123 1821 1366 1869 Theopompo
1392 1824 1431 1859 et
1456 1821 1670 1859 Macartato

261 1891 477 1930 possessam
505 1880 626 1918 denuo
652 1880 690 1918 in
715 1880 1012 1919 controversiam
1038 1880 1199 1920 vocavit.
1251 1879 1373 1927 Quam
1401 1883 1444 1919 ut
1456 1880 1669 1920 Macartato

262 1942 444 1990 eriperet,
470 1952 539 1990 pro
567 1940 754 1979 Eubulida
780 1941 846 1980 III.
874 1940 977 1989 apud
1004 1939 1146 1979 iudices
1173 1939 1304 1979 habuit
1330 1940 1426 1979 hanc
1450 1941 1669 1990 orationem,

261 2011 358 2051 quae
384 2002 484 2038 inter
511 2000 779 2039 Demosthenis
806 2003 935 2038 exstat
965 2000 1086 2049 »πρός
1113 1999 1386 2050 Μακάρτατον
1410 2000 1503 2050 περὶ
1528 2000 1672 2049 Ἁγνίου

259 2059 437 2112 κλήρου.«
498 2061 542 2099 In
586 2060 742 2098 exordio
786 2064 918 2098 orator
951 2059 1093 2098 iudices
1127 2062 1212 2098 orat
1246 2063 1362 2109 atque
1397 2060 1588 2110 obsecrat,
1626 2064 1670 2100 ut

257 2124 428 2160 attentos
465 2124 689 2159 convertant
720 2120 866 2159 animos
900 2120 948 2158 ad
982 2119 1237 2158 narrationem
1270 2119 1412 2169 (1—2).
1462 2120 1557 2159 Tum
1585 2131 1672 2169 per-

258 2181 379 2219 multa
407 2180 523 2218 verba
548 2180 639 2219 facit
664 2180 711 2219 de
734 2180 923 2228 prioribus
949 2179 1093 2228 litibus,
1122 2190 1219 2228 quae
1239 2180 1286 2218 de
1308 2179 1438 2218 eadem
1458 2178 1670 2218 hereditate

343 2329 376 2366 l)
398 2327 483 2360 Mac.
507 2328 589 2368 §15.
624 2328 671 2359 Cf.
694 2327 732 2360 G.
751 2327 791 2359 Η.
811 2326 1023 2359 Schaeferum
1044 2327 1080 2359 in
1100 2337 1216 2369 appar.
1236 2327 1276 2361 V.
1299 2338 1330 2369 p.
1344 2327 1484 2366 90-91;
1507 2325 1671 2360 Meierum

264 2379 529 2412 Schoemannum
564 2379 640 2412 »der
671 2380 731 2411 att.
761 2378 916 2411 Prozess«
948 2390 979 2421 p.
1010 2379 1072 2412 436
1100 2390 1188 2421 sqq.;
1223 2380 1264 2413 de
1295 2380 1450 2413 Boorium
1482 2378 1584 2411 »iiber
1610 2378 1669 2412 das

257 2431 402 2465 attische
424 2431 745 2465 Intestaterbrecht‹
773 2441 805 2473 p.
831 2430 882 2464 93.
