1822 2904
828 141 853 178 9

133 235 311 294 publicis,
347 247 384 285 in
420 247 533 285 rebus
569 246 757 284 historicis
794 246 1030 284 illustrandis
1066 249 1296 296 consumpsit
1323 246 1396 292 ita,
1434 247 1476 281 ut
1501 244 1539 280 in

134 304 248 345 rebus
273 305 321 345 ad
348 306 519 356 privatas
544 302 680 345 caustis
702 305 979 355 pertinentibus
1004 305 1036 344 si
1062 316 1137 345 non
1163 307 1201 345 in
1228 305 1413 354 omnibuS,
1438 307 1480 342 at
1501 303 1538 340 in

72 418 81 425 .
134 366 306 416 plurimis
331 367 414 416 ipse
441 378 569 406 verum
594 367 761 415 sentiret,
790 378 912 417 neque
931 370 1060 406 tamen
1079 367 1187 407 nobis
1200 379 1330 407 omnes
1344 365 1541 416 scrupulos

134 437 182 464 ex
207 425 340 464 animis
366 426 555 464 eximeret.
617 425 785 464 Blassius
812 426 975 474 deniquo
999 436 1122 475 neque
1147 426 1258 465 hiatu
1284 436 1404 476 neque
1429 434 1542 471 argu-

136 485 382 541 mentationis
417 485 564 525 ratione
599 485 780 535 neglectis
793 518 802 536 ,
836 490 925 526 cum'
951 496 1148 526 numerum
1182 486 1388 526 oratorium
1415 484 1542 523 obser-

110 572 113 574 —
135 547 264 593 varet,
292 545 366 583 vim
391 545 616 583 rhetoricam
642 545 830 583 conferret
859 556 971 584 verae
998 546 1327 592 Demosthenicae‚
1355 545 1393 582 in
1421 544 1542 582 elocu-

135 603 274 643 tionem
301 603 525 653 inquireret,
551 604 749 653 utriusque
773 603 874 643 illius
900 605 1133 654 argumentis
1159 605 1347 655 permulta
1372 607 1412 643 et
1440 613 1539 641 nova

136 660 293 702 addidit.
344 664 393 702 Hi
421 675 547 703 omnes
576 664 811 703 utilissimam
840 676 990 713 operam
1021 666 1252 710 orationibus
1276 665 1376 703 veris
1402 664 1541 702 Demo-

135 722 313 762 sthenicis
355 722 624 771 cognoscendis
670 726 709 762 et
745 734 769 762 a
806 722 911 763 falsis
934 721 1230 774 suppositisque
1266 722 1541 771 distinguendis

96 811 110 821 ,⁴
136 783 334 821 navavisse
354 782 442 820 mihi
465 782 650 821 videntur.
700 783 770 822 His
795 784 899 822 nisus
924 784 961 821 in
988 784 1164 832 opusculo
1192 795 1274 823 meo
1303 795 1400 822 nova
1427 793 1540 830 argu-

135 845 264 881 menta
290 852 349 880 me
377 841 642 880 adiuncturum
669 853 753 881 esse
779 846 818 881 et
843 842 924 891 ipse
950 853 1071 892 spero.

109 949 114 953 ’
235 902 278 940 In
314 912 360 940 eo
397 905 436 940 et
471 902 636 951 antiquis
671 906 710 941 et
744 902 802 941 his
835 903 1062 951 temporibus
1094 914 1221 941 omnes
1247 903 1415 940 homines
1441 901 1541 940 docti

136 960 377 1000 consentiunt
411 961 479 999 has
514 961 702 1000 orationes
736 963 871 1000 revera
905 962 1056 1001 habitas
1090 973 1186 1001 esse.
1240 962 1297 1000 De
1328 971 1402 1010 quo
1438 961 1540 1011 quod

135 1020 346 1060 dubitemus
381 1031 456 1059 non
494 1025 553 1060 est
587 1016 813 1071 praesertim
846 1021 884 1060 in
918 1022 1041 1061 causis
1076 1026 1154 1061 tam
1193 1021 1414 1071 implicatis,
1460 1024 1538 1060 tam

135 1077 358 1119 difficilibus

235 1139 315 1179 Has
350 1139 540 1192 orationes
568 1139 813 1179 Demostheni
848 1141 929 1180 sine
962 1140 1077 1180 dubio
1105 1151 1234 1180 omnes
1260 1140 1539 1189 abiudicandas,

135 1200 323 1238 orationes
350 1200 388 1237 in
415 1199 665 1238 Macartatum
691 1204 729 1238 et
756 1202 794 1238 in
819 1201 1123 1249 Olympiodorum
1146 1201 1212 1239 uni
1237 1201 1431 1250 eidemque
1456 1211 1541 1238 ora-

135 1260 209 1298 tori
237 1258 459 1298 tribuendas
485 1270 579 1308 esse,
605 1259 668 1298 alii
695 1261 902 1300 orationem
928 1261 1139 1299 Lacriteam
1167 1260 1435 1301 dissertatione
1459 1270 1541 1298 mea

133 1319 314 1368 probabo,

231 1378 285 1418 Ut
322 1379 359 1418 in
400 1380 588 1418 sententia
632 1380 678 1419 de
718 1379 861 1428 origine
898 1379 1319 1429 pseudodemosthenica
1356 1378 1540 1419 orationis

134 1440 390 1479 Macartateae
417 1440 471 1479 ita
495 1440 532 1478 in
556 1451 599 1479 eo
613 1440 891 1479 Rohrmannum
917 1451 1064 1489 sequar,
1092 1439 1192 1489 quod
1214 1439 1373 1488 primum
1393 1439 1538 1477 illarum

131 1500 343 1539 orationum
383 1500 429 1538 de
464 1499 597 1548 rebus,
643 1503 721 1538 tum
759 1500 807 1538 de
844 1502 1002 1539 externa
1049 1499 1169 1538 forma
1206 1499 1285 1538 sive
1321 1498 1367 1536 de
1413 1498 1538 1536 verbis

134 1560 326 1599 disseram.

814 1725 860 1764 Ι.

232 1806 262 1842 A
295 1804 408 1843 rebus
443 1804 559 1852 igitur
593 1807 638 1843 ut
672 1804 823 1852 ordiar,
857 1803 1041 1853 quomodo
1079 1803 1251 1851 singulae
1287 1803 1481 1842 orationes
1515 1814 1538 1841 a

133 1864 398 1904 Demosthenis
436 1867 519 1904 arte
553 1863 804 1914 abhorreant,
848 1866 1052 1915 antequam
1090 1874 1272 1913 exponam
1311 1874 1370 1902 me
1408 1875 1538 1903 earum

131 1929 355 1973 argumenta
400 1936 511 1973 quam
554 1925 774 1963 brevissima
817 1925 1059 1972 praemittere
1095 1935 1190 1972 opus
1226 1927 1296 1963 est.
1336 1946 1374 1951 -
1414 1925 1540 1972 Atque

132 1984 291 2033 primum
319 1984 470 2033 quidem
496 1984 703 2023 orationem
730 1984 766 2022 in
782 1983 1034 2023 Maoartatum
1062 1983 1107 2022 de
1128 1983 1301 2032 Hagniae
1327 1983 1539 2022 hereditate

128 2043 319 2084 adeamus.
375 2044 481 2092 Quae
511 2044 633 2083 oratio
669 2047 713 2083 ut
749 2043 877 2082 habita
913 2044 949 2082 in
976 2054 1092 2083 causa
1119 2044 1346 2083 hereditaria
1373 2055 1538 2083 summas

129 2114 254 2142 rerum
289 2103 531 2142 difficultates
569 2103 675 2142 nobis
710 2103 881 2151 praebet.
935 2103 1059 2142 Causa
1095 2104 1192 2141 enim
1228 2103 1284 2141 ita
1318 2103 1539 2153 complicata

110 2166 209 2211 ·est,
237 2166 301 2211 ut,
329 2163 362 2202 si
388 2163 485 2202 Isaei
512 2163 719 2202 orationem
751 2163 1008 2211 undecimam,
1042 2163 1081 2202 in
1106 2174 1180 2212 qua
1205 2162 1251 2201 de
1276 2162 1408 2201 eadem
1434 2163 1541 2202 here-

132 2222 251 2260 ditate
275 2223 425 2271 agitur,
462 2233 738 2271 comparamus,
767 2223 915 2261 Isaeum
940 2226 978 2261 et
1003 2234 1089 2261 eum
1116 2226 1326 2269 oratorem,
1352 2223 1415 2270 qui
1442 2223 1540 2260 hanc

130 2281 282 2329 scripsit
309 2282 535 2330 orationem,
563 2282 601 2319 in
628 2281 756 2320 multis
782 2281 897 2321 rebus
926 2281 997 2321 sibi
1026 2292 1236 2331 repugnare
1263 2280 1539 2330 intellegamus.

129 2341 257 2389 Quare
289 2341 363 2381 iam
399 2341 446 2381 H.
474 2341 633 2381 Wolfius
667 2342 768 2391 apud
803 2341 848 2382 G.
877 2342 924 2382 H.
960 2342 1238 2390 Schaeferum1)
1275 2342 1312 2380 in
1352 2347 1541 2390 apparatu

216 2431 247 2472 1)
274 2431 416 2473 »Appan
440 2429 575 2463 criticus
598 2431 633 2463 et
654 2431 775 2473 exeget
797 2431 840 2464 ad
863 2430 975 2464 Dem.‹
999 2430 1039 2464 V.
1063 2440 1094 2472 p.
1117 2429 1168 2463 82.
