1822 2904
115 300 204 349 tati,
248 300 370 338 vitent
404 303 444 338 et
479 299 660 348 grandem
698 311 906 341 sermonem
944 305 983 341 et
1021 302 1223 341 verborum
1267 300 1516 340 latitudinem.

112 357 275 411 Qualem
300 362 492 404 oratorem
524 360 779 408 cognoscimus
804 361 843 400 in
868 362 1038 410 genuinis
1060 361 1331 401 Demosthenis
1357 360 1518 409 privatis

117 418 365 458 orationibus.
405 441 445 447 —-
484 420 679 467 Quaenam
713 432 799 460 vero
835 422 1026 461 orationes
1059 426 1147 460 sunt
1181 420 1387 469 genuinae,
1424 430 1520 468 quae

92 482 206 518 ‘sunt
229 479 310 517 sine
335 478 450 518 dubio
477 491 500 518 a
526 479 780 520 Demosthene
807 482 888 530 ipso
916 481 1109 530 scriptae?
1151 480 1395 519 Dissentiunt
1419 480 1519 518 inter

119 549 160 577 se
180 537 351 594 ‘homines
378 538 490 578 docti.
537 540 709 579 Omnium
736 541 948 580 orationum
973 542 1011 579 in
1037 541 1198 589 privatis
1223 539 1349 579 causis
1375 538 1521 577 habita-

44 629 48 648 3
117 609 222 646 rum,
255 609 353 648 quae
388 598 459 638 sub
487 599 751 639 Demosthenis
777 600 928 639 nomine
953 600 1118 639 traditae
1145 602 1237 638 sunt
1261 599 1429 647 exceptis
1451 598 1520 647 eis,

117 669 212 708 quas
237 659 300 698 ille
326 662 457 698 contra
483 662 628 698 tutores
656 671 744 699 suos
770 659 927 708 habuit,
954 671 1029 699 non
1055 660 1130 699 nisi
1155 665 1301 708 septem
1327 657 1517 697 Arnoldus

116 718 333 767 Schaefer¹)
355 719 408 757 illi
431 719 581 758 tribuit:
610 721 803 759 orationes
821 723 952 759 contra
971 720 1150 768 Spudiam
1174 719 1303 767 (XLI),
1328 717 1518 757 Calliclem

117 776 234 827 (LV),
278 777 466 817 Cononem
507 778 641 828 (LIV),
696 790 763 827 pro
808 779 1033 818 Phormione
1076 778 1288 828 (XXXVI),
1333 778 1517 816 adversus

118 836 302 876 Boeotum
328 837 374 875 de
399 839 551 886 nomine.
567 838 792 888 (XXXIX),
819 839 1097 877 Pantaenetum
1123 838 1356 885 (XXXVII),
1382 837 1518 875 Nausi-

116 895 286 935 machum
319 900 359 935 et
388 896 636 946 Xenopithem
661 897 912 948 (XXXVIII).
964 897 1120 937 Ceteras
1148 897 1300 935 videtur
1327 896 1390 935 ille
1416 899 1519 935 recte

116 955 337 1005 repudiasse
377 956 522 996 Blassio
562 961 715 1005 praeter
758 958 949 996 orationes
993 958 1031 996 in
1079 956 1314 1005 Stephanum
1358 957 1517 1004 primam

115 1013 251 1064 (XLV)
282 1019 321 1054 et
355 1016 392 1053 in
420 1015 630 1054 Eubuliden
654 1016 810 1064 (LVII),
844 1027 939 1065 quas
966 1027 989 1053 a
1018 1015 1267 1053 Demosthene
1292 1015 1517 1062 compositas

115 1085 198 1113 esse
222 1073 317 1122 hic²)
340 1078 472 1123 putat3
507 1075 711 1114 orationem
733 1086 828 1122 ¹vero
855 1076 893 1113 in
919 1071 1161 1114 Zenothemiu
1186 1074 1375 1122 (XXXII),
1402 1085 1516 1122 quam

116 1133 373 1182 Benselerus⁸)
399 1134 663 1173 Demosthenis
695 1145 780 1173 esse
811 1135 971 1183 iudicat,
1007 1134 1213 1182 Blassius⁴)
1239 1134 1292 1172 illi
1315 1134 1518 1173 abiudicat.

116 1215 164 1222 —
195 1194 275 1233 Iam
311 1197 400 1232 ante
434 1194 621 1233 Blassium
658 1195 867 1233 orationem
901 1198 1034 1233 contra
1070 1194 1300 1241 Eubuliden‚
1334 1205 1446 1242 quam
1480 1194 1520 1231 in

115 1253 278 1292 editione
308 1264 376 1292 sua
402 1253 616 1292 scholarum
641 1254 725 1293 usui
760 1254 948 1293 destinata
975 1253 1316 1300 Westermannuff)
1343 1257 1387 1290 ut
1412 1252 1520 1290 omit-

117 1316 234 1362 teret,
266 1312 312 1351 Α.
339 1311 530 1352 Schaeferi
555 1314 787 1362 argumentis
814 1324 888 1352 non
916 1313 1104 1352 adductus
1128 1316 1208 1359 est,
1239 1312 1287 1350 ab
1315 1323 1358 1350 eo
1383 1312 1520 1350 iniuria

116 1371 350 1420 repudiatam
378 1383 460 1410 esse
494 1374 626 1411 merito
659 1373 839 1411 iudicavit
865 1373 893 1411 Ι.
918 1372 1119 1420 Siggius0).
1168 1371 1244 1409 Sed
1276 1371 1337 1408 hic
1365 1374 1405 1408 et
1436 1380 1519 1407 ora-

115 1430 257 1469 tionem
292 1431 328 1469 in
363 1431 595 1480 Stephanum
631 1432 825 1480 primam⁷)
865 1434 905 1470 et
936 1431 1127 1470 orationes
1161 1430 1200 1468 in
1237 1430 1520 1478 Pantaenetum,

115 1489 427 1539 Nausimachum,
465 1485 667 1539 Boeotum,
707 1491 909 1539 Spudiam,
943 1489 1132 1529 Calliclem
1175 1488 1421 1528 Demostheni
1455 1488 1521 1526 ab·

114 1548 265 1588 iudicat.
319 1549 434 1589 Cuius
471 1549 597 1588 iudicii
630 1550 916 1599 explicationem
949 1561 991 1588 se
1025 1551 1064 1588 in
1091 1550 1254 1589 medium
1279 1548 1517 1596 prolaturum

117 1619 200 1647 esse
226 1608 251 1648 l.
276 1620 305 1648 c.
331 1610 528 1658 promittit,
557 1619 674 1657 usque
699 1609 748 1647 ad
773 1609 844 1649 hoc
869 1612 1018 1658 tempus
1045 1609 1209 1648 nondum
1233 1607 1404 1657 protulit.

214 1684 322 1731 Quae
356 1694 437 1722 cum
473 1684 528 1722 ita
562 1684 660 1732 sint,
695 1684 743 1723 ab
770 1684 943 1723 omnibus
973 1683 1185 1722 hominibus
1220 1683 1340 1721 doctis
1366 1685 1518 1730 praeter

115 1743 330 1791 quattuor⁸)
362 1743 552 1781 orationes
578 1747 711 1781 contra
737 1746 884 1781 tutores
911 1743 1074 1790 scriptas
1101 1742 1198 1780 aliae
1226 1740 1354 1778 nullae
1380 1740 1518 1777 Demo-

201 1860 232 1900 1)
254 1859 277 1892 1.
298 1870 326 1893 c.
350 1860 409 1899 111,
430 1861 459 1892 2.
481 1871 512 1902 p.
533 1860 605 1893 316.

200 1911 237 1951 2)
255 1911 277 1943 1.
299 1921 326 1943 c.
348 1922 379 1952 p.
403 1912 578 1944 398-399.
600 1912 663 1943 409
684 1921 755 1952 sqq.
778 1911 838 1942 427
861 1920 931 1951 sqq.

199 1962 234 2002 3)
256 1962 278 1995 1.
301 1973 328 1995 c.
351 1973 382 2004 p.
410 1963 480 1996 135.
506 1963 575 1995 153.

199 2015 235 2053 4)
258 2014 279 2046 l.
302 2024 329 2048 c.
351 2025 384 2056 p.
407 2014 470 2047 433
492 2025 563 2055 sqq.

200 2067 233 2104 5)
266 2065 505 2107 Ausgewfihlte
536 2065 652 2097 Reden
681 2065 739 2097 des
767 2065 940 2098 Demosth.
971 2065 1052 2097 erkl.
1078 2075 1108 2097 v.
1134 2064 1367 2096 Westermann
1396 2066 1432 2097 in
1462 2066 1522 2097 der

117 2125 182 2149 von
205 2116 321 2158 Haupt
342 2117 409 2148 und
428 2117 565 2159 Sauppe
586 2117 762 2158 besorgten
776 2116 1079 2149 Weidmannschen
1090 2115 1347 2157 Schulausgabe.
1393 2116 1523 2149 Drittes

119 2167 297 2200 Bandch‘en
319 2168 407 2200 1865.
432 2168 473 2200 II.
497 2168 640 2210 Auflage
662 2178 696 2210 p.
722 2169 781 2202 136
803 2168 950 2210 Anmkg.

200 2220 236 2256 6)
258 2219 287 2252 J.
302 2219 384 2261 Sigg·
409 2220 491 2252 »Der
503 2219 673 2252 Verfasser
696 2220 754 2252 der
776 2221 795 2250 9
818 2219 997 2262 angeblich
1018 2230 1048 2251 v.
1066 2219 1304 2251 Demosthenes
1323 2219 1377 2250 fiir
1390 2219 1525 2259 Apollo-

119 2270 180 2303 dor
210 2265 469 2316 geschrieb'enen
498 2270 644 2303 Reden«.
687 2271 803 2304 Jahrb.
825 2271 850 2303 f.
874 2270 915 2304 cl.
939 2270 1028 2303 Phil.
1049 2270 1106 2302 VI.
1131 2269 1247 2311 Suppl.
1271 2273 1319 2311 (p.
1341 2269 1525 2311 397—434)

118 2331 152 2363 p.
173 2321 233 2355 401
260 2321 405 2365 Anmkg.
424 2323 452 2355 3.

205 2373 238 2414 7)
260 2372 283 2405 1.
305 2383 332 2405 c.
354 2383 387 2414 p.
409 2374 480 2406 432.

200 2424 233 2465 8)
257 2423 450 2456 Orationem
479 2424 539 2456 ΙΙΙ.
570 2425 605 2456 in
636 2425 816 2467 Aphobum
847 2426 964 2458 contra
993 2424 1157 2456 Blassium
1187 2423 1215 2463 (l
1249 2434 1276 2456 c.
1299 2434 1332 2464 p.
1356 2425 1417 2455 205
1439 2424 1524 2464 sqq.)

110 2484 184 2507 cum
208 2474 460 2508 Westermanno
482 2476 628 2516 (Quaest.
650 2476 743 2510 Dem.
766 2477 826 2509 ΙΙΙ.
853 2487 886 2520 p.
902 2477 937 2509 11
951 2476 1046 2517 sqq),
1069 2475 1204 2507 Baitero
1228 2474 1439 2516 Sauppioque
1464 2474 1518 2514 (Ο.
