<?xml version="1.0" encoding="UTF-8"?>
<!DOCTYPE html PUBLIC "-//W3C//DTD XHTML 1.0 Transitional//EN"
    "http://www.w3.org/TR/xhtml1/DTD/xhtml1-transitional.dtd">
<html xmlns="http://www.w3.org/1999/xhtml" xml:lang="en" lang="en">
 <head>
  <title>
</title>
<meta http-equiv="Content-Type" content="text/html;charset=utf-8" />
  <meta name='ocr-system' content='tesseract 3.04.00' />
  <meta name='ocr-capabilities' content='ocr_page ocr_carea ocr_par ocr_line ocrx_word'/>
</head>
<body>
  <div class='ocr_page' id='page_1' title='image "4737352_0030.png"; bbox 0 0 1847 2929; ppageno 0'>
   <div class='ocr_carea' id='block_1_1' title="bbox 295 276 1699 508">
    <p class='ocr_par' dir='ltr' id='par_1_1' title="bbox 295 276 1699 508">
     <span class='ocr_line' id='line_1_1' title="bbox 299 276 1699 330; baseline 0.004 -13"><span class='ocrx_word' id='word_1_1' title='bbox 299 288 422 330; x_wconf 89' lang='lat' dir='ltr'><strong>neque</strong></span> <span class='ocrx_word' id='word_1_2' title='bbox 455 281 612 318; x_wconf 88' lang='lat' dir='ltr'><strong>acutum</strong></span> <span class='ocrx_word' id='word_1_3' title='bbox 646 286 768 327; x_wconf 88' lang='lat' dir='ltr'><strong>neque</strong></span> <span class='ocrx_word' id='word_1_4' title='bbox 801 287 978 327; x_wconf 79' lang='lat' dir='ltr'><strong>sagacem</strong></span> <span class='ocrx_word' id='word_1_5' title='bbox 1010 276 1126 318; x_wconf 82' lang='lat' dir='ltr'><strong>fuisse</strong></span> <span class='ocrx_word' id='word_1_6' title='bbox 1160 286 1304 317; x_wconf 82' lang='lat' dir='ltr'><strong>censeo.</strong></span> <span class='ocrx_word' id='word_1_7' title='bbox 1356 277 1457 319; x_wconf 87' lang='lat' dir='ltr'><strong>Nam</strong></span> <span class='ocrx_word' id='word_1_8' title='bbox 1484 280 1533 320; x_wconf 86' lang='lat' dir='ltr'><strong>ab</strong></span> <span class='ocrx_word' id='word_1_9' title='bbox 1556 291 1600 321; x_wconf 90' lang='lat' dir='ltr'><strong>eo</strong></span> <span class='ocrx_word' id='word_1_10' title='bbox 1622 280 1699 322; x_wconf 85' lang='lat' dir='ltr'><strong>alia</strong></span> 
     </span>
     <span class='ocr_line' id='line_1_2' title="bbox 295 337 1697 392; baseline 0.003 -15"><span class='ocrx_word' id='word_1_11' title='bbox 295 338 395 377; x_wconf 90' lang='lat' dir='ltr'><strong>inter</strong></span> <span class='ocrx_word' id='word_1_12' title='bbox 420 348 463 377; x_wconf 91' lang='lat' dir='ltr'><strong>se</strong></span> <span class='ocrx_word' id='word_1_13' title='bbox 487 337 779 387; x_wconf 84' lang='lat' dir='ltr'><strong>confunduntur,</strong></span> <span class='ocrx_word' id='word_1_14' title='bbox 805 337 882 376; x_wconf 85' lang='lat' dir='ltr'><strong>alia</strong></span> <span class='ocrx_word' id='word_1_15' title='bbox 907 337 1087 377; x_wconf 90' lang='lat' dir='ltr'><strong>dicuntur</strong></span> <span class='ocrx_word' id='word_1_16' title='bbox 1107 337 1189 377; x_wconf 90' lang='lat' dir='ltr'><strong>sine</strong></span> <span class='ocrx_word' id='word_1_17' title='bbox 1209 338 1459 387; x_wconf 87' lang='lat' dir='ltr'><strong>argumentis,</strong></span> <span class='ocrx_word' id='word_1_18' title='bbox 1485 339 1571 390; x_wconf 79' lang='lat' dir='ltr'><strong>alia,</strong></span> <span class='ocrx_word' id='word_1_19' title='bbox 1597 352 1697 392; x_wconf 86' lang='lat' dir='ltr'><strong>quae</strong></span> 
     </span>
     <span class='ocr_line' id='line_1_3' title="bbox 295 396 1699 452; baseline 0.004 -15"><span class='ocrx_word' id='word_1_20' title='bbox 295 409 371 438; x_wconf 89' lang='lat' dir='ltr'><strong>non</strong></span> <span class='ocrx_word' id='word_1_21' title='bbox 395 397 591 448; x_wconf 82' lang='lat' dir='ltr'><strong>pertinent</strong></span> <span class='ocrx_word' id='word_1_22' title='bbox 617 397 665 437; x_wconf 87' lang='lat' dir='ltr'><strong>ad</strong></span> <span class='ocrx_word' id='word_1_23' title='bbox 693 408 861 446; x_wconf 88' lang='lat' dir='ltr'><strong>causam,</strong></span> <span class='ocrx_word' id='word_1_24' title='bbox 887 396 1087 448; x_wconf 73' lang='lat' dir='ltr'><strong>diligenter</strong></span> <span class='ocrx_word' id='word_1_25' title='bbox 1112 404 1372 448; x_wconf 86' lang='lat' dir='ltr'><strong>exponuntur:</strong></span> <span class='ocrx_word' id='word_1_26' title='bbox 1406 410 1462 449; x_wconf 88' lang='lat' dir='ltr'><strong>ea,</strong></span> <span class='ocrx_word' id='word_1_27' title='bbox 1490 410 1587 450; x_wconf 85' lang='lat' dir='ltr'><strong>quae</strong></span> <span class='ocrx_word' id='word_1_28' title='bbox 1610 413 1699 452; x_wconf 87' lang='lat' dir='ltr'><strong>pro-</strong></span> 
     </span>
     <span class='ocr_line' id='line_1_4' title="bbox 295 458 1699 508; baseline 0.003 -10"><span class='ocrx_word' id='word_1_29' title='bbox 295 458 387 498; x_wconf 88' lang='lat' dir='ltr'><strong>bare</strong></span> <span class='ocrx_word' id='word_1_30' title='bbox 411 458 578 498; x_wconf 85' lang='lat' dir='ltr'><strong>maxime</strong></span> <span class='ocrx_word' id='word_1_31' title='bbox 602 458 858 497; x_wconf 88' lang='lat' dir='ltr'><strong>necessarium</strong></span> <span class='ocrx_word' id='word_1_32' title='bbox 884 460 986 508; x_wconf 81' lang='lat' dir='ltr'><strong>erat,</strong></span> <span class='ocrx_word' id='word_1_33' title='bbox 1021 458 1283 508; x_wconf 85' lang='lat' dir='ltr'><strong>negleguntur.</strong></span> <span class='ocrx_word' id='word_1_34' title='bbox 1310 478 1356 486; x_wconf 91' lang='lat'><strong>—-</strong></span> <span class='ocrx_word' id='word_1_35' title='bbox 1384 459 1456 501; x_wconf 89' lang='lat' dir='ltr'><strong>Ubi</strong></span> <span class='ocrx_word' id='word_1_36' title='bbox 1482 461 1583 502; x_wconf 87' lang='lat' dir='ltr'><strong>enim</strong></span> <span class='ocrx_word' id='word_1_37' title='bbox 1610 465 1699 504; x_wconf 82' lang='lat' dir='ltr'><strong>sunt</strong></span> 
     </span>
    </p>
   </div>
   <div class='ocr_carea' id='block_1_2' title="bbox 1547 0 1847 100">
    <p class='ocr_par' dir='ltr' id='par_1_2' title="bbox 1547 0 1847 100">
     <span class='ocr_line' id='line_1_5' title="bbox 1547 0 1847 100; baseline 0 2829"><span class='ocrx_word' id='word_1_38' title='bbox 1547 0 1847 100; x_wconf 95' lang='lat' dir='ltr'><strong> </strong></span> 
     </span>
    </p>
   </div>
   <div class='ocr_carea' id='block_1_3' title="bbox 295 517 1769 569">
    <p class='ocr_par' dir='ltr' id='par_1_3' title="bbox 295 517 1769 569">
     <span class='ocr_line' id='line_1_6' title="bbox 295 517 1769 569; baseline 0.003 -10"><span class='ocrx_word' id='word_1_39' title='bbox 295 519 329 559; x_wconf 89' lang='lat' dir='ltr'><strong>ei</strong></span> <span class='ocrx_word' id='word_1_40' title='bbox 355 522 485 567; x_wconf 89' lang='lat' dir='ltr'><strong>testes,</strong></span> <span class='ocrx_word' id='word_1_41' title='bbox 511 519 575 569; x_wconf 91' lang='lat' dir='ltr'><strong>qui</strong></span> <span class='ocrx_word' id='word_1_42' title='bbox 601 518 797 558; x_wconf 90' lang='lat' dir='ltr'><strong>Lacritum</strong></span> <span class='ocrx_word' id='word_1_43' title='bbox 823 517 1073 568; x_wconf 82' lang='lat' dir='ltr'>spopondisse</span> <span class='ocrx_word' id='word_1_44' title='bbox 1097 530 1166 568; x_wconf 90' lang='lat' dir='ltr'><strong>pro</strong></span> <span class='ocrx_word' id='word_1_45' title='bbox 1192 520 1399 560; x_wconf 82' lang='lat' dir='ltr'><strong>Artemone</strong></span> <span class='ocrx_word' id='word_1_46' title='bbox 1421 521 1699 562; x_wconf 77' lang='lat' dir='ltr'><strong>testificentur?</strong></span> <span class='ocrx_word' id='word_1_47' title='bbox 1767 531 1769 535; x_wconf 59' lang='lat'><strong><em>⁴</em></strong></span> 
     </span>
    </p>
   </div>
   <div class='ocr_carea' id='block_1_4' title="bbox 295 578 1741 746">
    <p class='ocr_par' dir='ltr' id='par_1_4' title="bbox 295 578 1741 746">
     <span class='ocr_line' id='line_1_7' title="bbox 296 578 1697 630; baseline 0.004 -12"><span class='ocrx_word' id='word_1_48' title='bbox 296 579 339 618; x_wconf 90' lang='lat' dir='ltr'><strong>Id</strong></span> <span class='ocrx_word' id='word_1_49' title='bbox 374 579 639 619; x_wconf 87' lang='lat' dir='ltr'><strong>confirmatum</strong></span> <span class='ocrx_word' id='word_1_50' title='bbox 677 590 760 618; x_wconf 91' lang='lat' dir='ltr'><strong>esse</strong></span> <span class='ocrx_word' id='word_1_51' title='bbox 791 578 1022 628; x_wconf 80' lang='lat' dir='ltr'><strong>paragraphi</strong></span> <span class='ocrx_word' id='word_1_52' title='bbox 1057 582 1115 619; x_wconf 91' lang='lat'><strong>14.</strong></span> <span class='ocrx_word' id='word_1_53' title='bbox 1146 580 1423 630; x_wconf 84' lang='lat' dir='ltr'><strong>testimoniis¹)</strong></span> <span class='ocrx_word' id='word_1_54' title='bbox 1455 593 1502 621; x_wconf 86' lang='lat' dir='ltr'><strong>ex</strong></span> <span class='ocrx_word' id='word_1_55' title='bbox 1534 583 1697 623; x_wconf 86' lang='lat' dir='ltr'><strong>oratoris</strong></span> 
     </span>
     <span class='ocr_line' id='line_1_8' title="bbox 295 638 1741 691; baseline 0.004 -13"><span class='ocrx_word' id='word_1_56' title='bbox 295 639 421 679; x_wconf 84' lang='lat' dir='ltr'><strong>verbis</strong></span> <span class='ocrx_word' id='word_1_57' title='bbox 447 638 504 689; x_wconf 75' lang='lat'><strong>§9</strong></span> <span class='ocrx_word' id='word_1_58' title='bbox 531 639 700 679; x_wconf 87' lang='lat' dir='ltr'><strong>concludi</strong></span> <span class='ocrx_word' id='word_1_59' title='bbox 721 650 795 678; x_wconf 90' lang='lat' dir='ltr'><strong>non</strong></span> <span class='ocrx_word' id='word_1_60' title='bbox 821 642 961 688; x_wconf 88' lang='lat' dir='ltr'><strong>potest.</strong></span> <span class='ocrx_word' id='word_1_61' title='bbox 1008 638 1086 680; x_wconf 90' lang='lat' dir='ltr'><strong>Ubi</strong></span> <span class='ocrx_word' id='word_1_62' title='bbox 1105 643 1198 680; x_wconf 90' lang='lat' dir='ltr'><strong>sunt</strong></span> <span class='ocrx_word' id='word_1_63' title='bbox 1218 641 1253 680; x_wconf 90' lang='lat' dir='ltr'><strong>ei</strong></span> <span class='ocrx_word' id='word_1_64' title='bbox 1269 644 1397 691; x_wconf 87' lang='lat' dir='ltr'><strong>testes,</strong></span> <span class='ocrx_word' id='word_1_65' title='bbox 1423 642 1489 691; x_wconf 90' lang='lat' dir='ltr'><strong>qui</strong></span> <span class='ocrx_word' id='word_1_66' title='bbox 1505 642 1698 685; x_wconf 85' lang='lat' dir='ltr'><strong>Laeritum</strong></span> <span class='ocrx_word' id='word_1_67' title='bbox 1739 649 1741 651; x_wconf 81' lang='grc'><strong>’</strong></span> 
     </span>
     <span class='ocr_line' id='line_1_9' title="bbox 295 698 1257 746; baseline 0.003 -9"><span class='ocrx_word' id='word_1_68' title='bbox 295 698 548 746; x_wconf 84' lang='lat' dir='ltr'><strong>hereditatem</strong></span> <span class='ocrx_word' id='word_1_69' title='bbox 575 699 790 739; x_wconf 82' lang='lat' dir='ltr'><strong>Artemonis</strong></span> <span class='ocrx_word' id='word_1_70' title='bbox 819 699 949 739; x_wconf 90' lang='lat' dir='ltr'><strong>iniisse</strong></span> <span class='ocrx_word' id='word_1_71' title='bbox 975 699 1257 740; x_wconf 78' lang='lat' dir='ltr'><strong>testificentur?</strong></span> 
     </span>
    </p>
   </div>
   <div class='ocr_carea' id='block_1_5' title="bbox 294 769 1699 1840">
    <p class='ocr_par' dir='ltr' id='par_1_5' title="bbox 294 769 1699 1840">
     <span class='ocr_line' id='line_1_10' title="bbox 351 769 1699 823; baseline 0.004 -15"><span class='ocrx_word' id='word_1_72' title='bbox 351 795 357 799; x_wconf 90' lang='lat'>-</span> <span class='ocrx_word' id='word_1_73' title='bbox 397 769 471 809; x_wconf 88' lang='lat' dir='ltr'><strong>Per</strong></span> <span class='ocrx_word' id='word_1_74' title='bbox 504 773 628 810; x_wconf 90' lang='lat' dir='ltr'><strong>totam</strong></span> <span class='ocrx_word' id='word_1_75' title='bbox 664 770 875 810; x_wconf 87' lang='lat' dir='ltr'><strong>orationem</strong></span> <span class='ocrx_word' id='word_1_76' title='bbox 911 769 1122 810; x_wconf 85' lang='lat' dir='ltr'><strong>invenimus</strong></span> <span class='ocrx_word' id='word_1_77' title='bbox 1156 771 1293 811; x_wconf 89' lang='lat' dir='ltr'><strong>nullos.</strong></span> <span class='ocrx_word' id='word_1_78' title='bbox 1327 794 1375 800; x_wconf 94' lang='lat'><strong>—</strong></span> <span class='ocrx_word' id='word_1_79' title='bbox 1410 772 1554 813; x_wconf 88' lang='lat' dir='ltr'><strong>Debilis</strong></span> <span class='ocrx_word' id='word_1_80' title='bbox 1581 774 1699 823; x_wconf 87' lang='lat' dir='ltr'><strong>igitur</strong></span> 
     </span>
     <span class='ocr_line' id='line_1_11' title="bbox 297 829 1697 883; baseline 0.003 -15"><span class='ocrx_word' id='word_1_81' title='bbox 297 833 460 879; x_wconf 86' lang='lat' dir='ltr'><strong>apparet</strong></span> <span class='ocrx_word' id='word_1_82' title='bbox 485 830 783 878; x_wconf 78' lang='lat' dir='ltr'><strong>argumentatio,</strong></span> <span class='ocrx_word' id='word_1_83' title='bbox 834 829 938 869; x_wconf 88' lang='lat' dir='ltr'><strong>Nam</strong></span> <span class='ocrx_word' id='word_1_84' title='bbox 962 830 995 869; x_wconf 90' lang='lat' dir='ltr'><strong>si</strong></span> <span class='ocrx_word' id='word_1_85' title='bbox 1021 833 1152 869; x_wconf 91' lang='lat' dir='ltr'><strong>orator</strong></span> <span class='ocrx_word' id='word_1_86' title='bbox 1178 831 1216 869; x_wconf 91' lang='lat' dir='ltr'><strong>in</strong></span> <span class='ocrx_word' id='word_1_87' title='bbox 1244 831 1267 881; x_wconf 67' lang='grc'>5</span> <span class='ocrx_word' id='word_1_88' title='bbox 1290 835 1360 871; x_wconf 88' lang='lat'><strong>44:</strong></span> <span class='ocrx_word' id='word_1_89' title='bbox 1391 829 1551 883; x_wconf 74' lang='grc' dir='ltr'><strong><em>»ὥσπερ</em></strong></span> <span class='ocrx_word' id='word_1_90' title='bbox 1576 854 1623 861; x_wconf 96' lang='grc'><strong>-</strong></span> <span class='ocrx_word' id='word_1_91' title='bbox 1642 834 1697 872; x_wconf 91' lang='lat' dir='ltr'><strong>in-</strong></span> 
     </span>
     <span class='ocr_line' id='line_1_12' title="bbox 296 887 1697 942; baseline 0.002 -14"><span class='ocrx_word' id='word_1_92' title='bbox 296 890 380 939; x_wconf 87' lang='lat' dir='ltr'><strong>quit</strong></span> <span class='ocrx_word' id='word_1_93' title='bbox 405 911 465 938; x_wconf 87' lang='lat'><strong>--,</strong></span> <span class='ocrx_word' id='word_1_94' title='bbox 497 890 563 928; x_wconf 82' lang='grc' dir='ltr'><strong>καὶ</strong></span> <span class='ocrx_word' id='word_1_95' title='bbox 595 890 707 939; x_wconf 69' lang='grc' dir='ltr'><strong><em>παραὶ</em></strong></span> <span class='ocrx_word' id='word_1_96' title='bbox 743 891 823 927; x_wconf 79' lang='grc' dir='ltr'><strong>τῶν</strong></span> <span class='ocrx_word' id='word_1_97' title='bbox 855 887 985 928; x_wconf 73' lang='grc' dir='ltr'><em>ἄλλων</em></span> <span class='ocrx_word' id='word_1_98' title='bbox 1019 889 1321 940; x_wconf 83' lang='grc' dir='ltr'><strong><em>εἷςπέπρακται,</em></strong></span> <span class='ocrx_word' id='word_1_99' title='bbox 1357 892 1398 929; x_wconf 85' lang='grc' dir='ltr'><strong>εἴ</strong></span> <span class='ocrx_word' id='word_1_100' title='bbox 1418 894 1476 936; x_wconf 82' lang='grc' dir='ltr'><strong>τίς</strong></span> <span class='ocrx_word' id='word_1_101' title='bbox 1500 905 1538 930; x_wconf 87' lang='grc' dir='ltr'><strong>τι</strong></span> <span class='ocrx_word' id='word_1_102' title='bbox 1563 893 1697 942; x_wconf 74' lang='grc' dir='ltr'><strong><em>ἐκείνῳ</em></strong></span> 
     </span>
     <span class='ocr_line' id='line_1_13' title="bbox 295 947 1698 1002; baseline 0.002 -13"><span class='ocrx_word' id='word_1_103' title='bbox 295 952 352 1002; x_wconf 71' lang='grc' dir='ltr'><strong>τῷ·</strong></span> <span class='ocrx_word' id='word_1_104' title='bbox 384 949 676 1002; x_wconf 79' lang='grc' dir='ltr'><strong><em>τετελευτηκότι</em></strong></span> <span class='ocrx_word' id='word_1_105' title='bbox 706 947 872 1002; x_wconf 76' lang='grc' dir='ltr'><strong><em>ὤφειλεν</em></strong></span> <span class='ocrx_word' id='word_1_106' title='bbox 906 948 933 1001; x_wconf 71' lang='grc' dir='ltr'><em>ἢ</em></span> <span class='ocrx_word' id='word_1_107' title='bbox 964 950 1007 989; x_wconf 76' lang='grc' dir='ltr'><strong>ἐν</strong></span> <span class='ocrx_word' id='word_1_108' title='bbox 1041 949 1240 1002; x_wconf 76' lang='grc' dir='ltr'><strong><em>Φασήλιδι</em></strong></span> <span class='ocrx_word' id='word_1_109' title='bbox 1263 949 1290 1002; x_wconf 74' lang='grc' dir='ltr'>ἥ</span> <span class='ocrx_word' id='word_1_110' title='bbox 1312 948 1462 991; x_wconf 73' lang='grc' dir='ltr'><em>ἄλλοθί</em></span> <span class='ocrx_word' id='word_1_111' title='bbox 1485 965 1564 991; x_wconf 86' lang='grc' dir='ltr'><strong>που</strong></span> <span class='ocrx_word' id='word_1_112' title='bbox 1574 970 1605 1002; x_wconf 70' lang='grc' dir='ltr'><strong>,α</strong></span> <span class='ocrx_word' id='word_1_113' title='bbox 1639 952 1698 993; x_wconf 82' lang='lat' dir='ltr'><strong>his</strong></span> 
     </span>
     <span class='ocr_line' id='line_1_14' title="bbox 296 1009 1699 1061; baseline 0.001 -10"><span class='ocrx_word' id='word_1_114' title='bbox 296 1023 446 1061; x_wconf 90' lang='lat' dir='ltr'><strong>quoque</strong></span> <span class='ocrx_word' id='word_1_115' title='bbox 471 1011 595 1050; x_wconf 86' lang='lat' dir='ltr'><strong>verbis</strong></span> <span class='ocrx_word' id='word_1_116' title='bbox 620 1010 833 1050; x_wconf 86' lang='lat' dir='ltr'><strong>detrahitur</strong></span> <span class='ocrx_word' id='word_1_117' title='bbox 858 1009 964 1050; x_wconf 85' lang='lat' dir='ltr'><strong>fides.</strong></span> <span class='ocrx_word' id='word_1_118' title='bbox 1013 1010 1164 1049; x_wconf 88' lang='lat' dir='ltr'><strong>Desunt</strong></span> <span class='ocrx_word' id='word_1_119' title='bbox 1188 1011 1290 1050; x_wconf 90' lang='lat' dir='ltr'><strong>enim</strong></span> <span class='ocrx_word' id='word_1_120' title='bbox 1315 1013 1546 1051; x_wconf 80' lang='lat' dir='ltr'><strong>testimonia.</strong></span> <span class='ocrx_word' id='word_1_121' title='bbox 1593 1013 1699 1061; x_wconf 88' lang='lat' dir='ltr'><strong>Quae</strong></span> 
     </span>
     <span class='ocr_line' id='line_1_15' title="bbox 297 1069 1699 1122; baseline 0.001 -10"><span class='ocrx_word' id='word_1_122' title='bbox 297 1075 341 1112; x_wconf 93' lang='lat' dir='ltr'><strong>ut</strong></span> <span class='ocrx_word' id='word_1_123' title='bbox 375 1070 558 1122; x_wconf 83' lang='lat' dir='ltr'><strong>praebeat</strong></span> <span class='ocrx_word' id='word_1_124' title='bbox 595 1074 750 1111; x_wconf 88' lang='lat' dir='ltr'><strong>tantum</strong></span> <span class='ocrx_word' id='word_1_125' title='bbox 784 1070 913 1121; x_wconf 91' lang='lat' dir='ltr'><strong>abest,</strong></span> <span class='ocrx_word' id='word_1_126' title='bbox 955 1073 1000 1110; x_wconf 93' lang='lat' dir='ltr'><strong>ut</strong></span> <span class='ocrx_word' id='word_1_127' title='bbox 1032 1069 1151 1110; x_wconf 87' lang='lat' dir='ltr'><strong>falsas</strong></span> <span class='ocrx_word' id='word_1_128' title='bbox 1184 1071 1410 1121; x_wconf 85' lang='lat' dir='ltr'><strong>ineptasque</strong></span> <span class='ocrx_word' id='word_1_129' title='bbox 1446 1071 1699 1114; x_wconf 86' lang='lat' dir='ltr'><strong>conclusiones</strong></span> 
     </span>
     <span class='ocr_line' id='line_1_16' title="bbox 299 1131 1698 1182; baseline 0.002 -11"><span class='ocrx_word' id='word_1_130' title='bbox 299 1133 424 1172; x_wconf 87' lang='lat' dir='ltr'><strong>faciat.</strong></span> <span class='ocrx_word' id='word_1_131' title='bbox 477 1132 579 1172; x_wconf 87' lang='lat' dir='ltr'><strong>Nam</strong></span> <span class='ocrx_word' id='word_1_132' title='bbox 616 1143 701 1172; x_wconf 91' lang='lat' dir='ltr'><strong>cum</strong></span> <span class='ocrx_word' id='word_1_133' title='bbox 737 1143 855 1180; x_wconf 89' lang='lat' dir='ltr'><strong>neque</strong></span> <span class='ocrx_word' id='word_1_134' title='bbox 890 1132 990 1180; x_wconf 90' lang='lat' dir='ltr'><strong>apud</strong></span> <span class='ocrx_word' id='word_1_135' title='bbox 1021 1131 1244 1171; x_wconf 90' lang='lat' dir='ltr'><strong>archontem</strong></span> <span class='ocrx_word' id='word_1_136' title='bbox 1280 1143 1401 1181; x_wconf 89' lang='lat' dir='ltr'><strong>neque</strong></span> <span class='ocrx_word' id='word_1_137' title='bbox 1438 1134 1540 1182; x_wconf 89' lang='lat' dir='ltr'><strong>apud</strong></span> <span class='ocrx_word' id='word_1_138' title='bbox 1567 1145 1698 1182; x_wconf 89' lang='lat' dir='ltr'><strong>regem</strong></span> 
     </span>
     <span class='ocr_line' id='line_1_17' title="bbox 297 1191 1699 1241; baseline 0.001 -10"><span class='ocrx_word' id='word_1_139' title='bbox 297 1203 420 1241; x_wconf 89' lang='lat' dir='ltr'><strong>neque</strong></span> <span class='ocrx_word' id='word_1_140' title='bbox 452 1191 552 1241; x_wconf 84' lang='lat' dir='ltr'><strong>apud</strong></span> <span class='ocrx_word' id='word_1_141' title='bbox 589 1191 875 1240; x_wconf 88' lang='lat' dir='ltr'><strong>polemarchum</strong></span> <span class='ocrx_word' id='word_1_142' title='bbox 917 1201 1036 1239; x_wconf 91' lang='lat' dir='ltr'><strong>neque</strong></span> <span class='ocrx_word' id='word_1_143' title='bbox 1069 1191 1172 1239; x_wconf 90' lang='lat' dir='ltr'><strong>apud</strong></span> <span class='ocrx_word' id='word_1_144' title='bbox 1209 1194 1401 1230; x_wconf 85' lang='lat' dir='ltr'><strong>curatores</strong></span> <span class='ocrx_word' id='word_1_145' title='bbox 1434 1193 1487 1231; x_wconf 89' lang='lat' dir='ltr'><strong>rei</strong></span> <span class='ocrx_word' id='word_1_146' title='bbox 1519 1193 1699 1232; x_wconf 86' lang='lat' dir='ltr'><strong>militaris</strong></span> 
     </span>
     <span class='ocr_line' id='line_1_18' title="bbox 298 1250 1699 1300; baseline 0 -8"><span class='ocrx_word' id='word_1_147' title='bbox 298 1252 450 1292; x_wconf 86' lang='lat' dir='ltr'><strong>Lacrito</strong></span> <span class='ocrx_word' id='word_1_148' title='bbox 476 1251 585 1292; x_wconf 89' lang='lat' dir='ltr'><strong>litem</strong></span> <span class='ocrx_word' id='word_1_149' title='bbox 610 1251 755 1291; x_wconf 90' lang='lat' dir='ltr'><strong>intendi</strong></span> <span class='ocrx_word' id='word_1_150' title='bbox 786 1261 899 1300; x_wconf 90' lang='lat' dir='ltr'><strong>posse</strong></span> <span class='ocrx_word' id='word_1_151' title='bbox 926 1250 1186 1299; x_wconf 87' lang='lat' dir='ltr'><strong>demonstret,</strong></span> <span class='ocrx_word' id='word_1_152' title='bbox 1217 1251 1484 1290; x_wconf 85' lang='lat' dir='ltr'><strong>mercatoriam</strong></span> <span class='ocrx_word' id='word_1_153' title='bbox 1509 1251 1615 1292; x_wconf 90' lang='lat' dir='ltr'><strong>litem</strong></span> <span class='ocrx_word' id='word_1_154' title='bbox 1641 1252 1699 1292; x_wconf 91' lang='lat' dir='ltr'><strong>in-</strong></span> 
     </span>
     <span class='ocr_line' id='line_1_19' title="bbox 299 1310 1699 1359; baseline 0 -8"><span class='ocrx_word' id='word_1_155' title='bbox 299 1312 453 1351; x_wconf 90' lang='lat' dir='ltr'><strong>tendere</strong></span> <span class='ocrx_word' id='word_1_156' title='bbox 486 1311 558 1350; x_wconf 75' lang='lat' dir='ltr'><strong>sibi</strong></span> <span class='ocrx_word' id='word_1_157' title='bbox 587 1311 701 1350; x_wconf 87' lang='lat' dir='ltr'><strong>licere</strong></span> <span class='ocrx_word' id='word_1_158' title='bbox 734 1310 965 1359; x_wconf 87' lang='lat' dir='ltr'><strong>probaturus</strong></span> <span class='ocrx_word' id='word_1_159' title='bbox 996 1313 1067 1349; x_wconf 88' lang='lat' dir='ltr'><strong>est.</strong></span> <span class='ocrx_word' id='word_1_160' title='bbox 1118 1310 1161 1348; x_wconf 93' lang='lat' dir='ltr'><strong>In</strong></span> <span class='ocrx_word' id='word_1_161' title='bbox 1186 1310 1243 1348; x_wconf 87' lang='lat' dir='ltr'><strong>his</strong></span> <span class='ocrx_word' id='word_1_162' title='bbox 1268 1314 1413 1350; x_wconf 89' lang='lat' dir='ltr'><strong>rectam</strong></span> <span class='ocrx_word' id='word_1_163' title='bbox 1439 1322 1523 1350; x_wconf 91' lang='lat' dir='ltr'><strong>esse</strong></span> <span class='ocrx_word' id='word_1_164' title='bbox 1550 1312 1699 1351; x_wconf 86' lang='lat' dir='ltr'><strong>conclu-</strong></span> 
     </span>
     <span class='ocr_line' id='line_1_20' title="bbox 297 1369 1697 1422; baseline -0.001 -9"><span class='ocrx_word' id='word_1_165' title='bbox 297 1374 443 1413; x_wconf 86' lang='lat' dir='ltr'><strong>sionem</strong></span> <span class='ocrx_word' id='word_1_166' title='bbox 459 1384 551 1412; x_wconf 89' lang='lat' dir='ltr'><strong>num</strong></span> <span class='ocrx_word' id='word_1_167' title='bbox 563 1371 705 1422; x_wconf 81' lang='lat' dir='ltr'><strong>putas?</strong></span> <span class='ocrx_word' id='word_1_168' title='bbox 738 1370 906 1410; x_wconf 88' lang='lat' dir='ltr'><strong>Minime.</strong></span> <span class='ocrx_word' id='word_1_169' title='bbox 952 1369 1086 1410; x_wconf 83' lang='lat' dir='ltr'><strong>Fallax</strong></span> <span class='ocrx_word' id='word_1_170' title='bbox 1107 1373 1268 1420; x_wconf 89' lang='lat' dir='ltr'><strong>apparet</strong></span> <span class='ocrx_word' id='word_1_171' title='bbox 1290 1370 1364 1410; x_wconf 91' lang='lat' dir='ltr'><strong>ista</strong></span> <span class='ocrx_word' id='word_1_172' title='bbox 1383 1371 1697 1412; x_wconf 87' lang='lat' dir='ltr'><strong>conclusiuncula.</strong></span> 
     </span>
     <span class='ocr_line' id='line_1_21' title="bbox 298 1430 1697 1482; baseline -0.001 -9"><span class='ocrx_word' id='word_1_173' title='bbox 298 1434 365 1473; x_wconf 89' lang='lat' dir='ltr'><strong>Ille</strong></span> <span class='ocrx_word' id='word_1_174' title='bbox 397 1433 527 1482; x_wconf 90' lang='lat' dir='ltr'><strong>potius</strong></span> <span class='ocrx_word' id='word_1_175' title='bbox 563 1433 595 1471; x_wconf 92' lang='lat' dir='ltr'><strong>si</strong></span> <span class='ocrx_word' id='word_1_176' title='bbox 628 1433 666 1471; x_wconf 92' lang='lat' dir='ltr'><strong>in</strong></span> <span class='ocrx_word' id='word_1_177' title='bbox 693 1431 890 1470; x_wconf 90' lang='lat' dir='ltr'><strong>Lacritum</strong></span> <span class='ocrx_word' id='word_1_178' title='bbox 924 1430 1149 1469; x_wconf 84' lang='lat' dir='ltr'><strong>intendisset</strong></span> <span class='ocrx_word' id='word_1_179' title='bbox 1181 1441 1256 1469; x_wconf 91' lang='lat' dir='ltr'><strong>non</strong></span> <span class='ocrx_word' id='word_1_180' title='bbox 1282 1432 1553 1471; x_wconf 88' lang='lat' dir='ltr'><strong>mercatoriam</strong></span> <span class='ocrx_word' id='word_1_181' title='bbox 1577 1433 1697 1481; x_wconf 89' lang='lat' dir='ltr'><strong>litem,</strong></span> 
     </span>
     <span class='ocr_line' id='line_1_22' title="bbox 297 1489 1698 1542; baseline -0.001 -10"><span class='ocrx_word' id='word_1_182' title='bbox 297 1493 364 1533; x_wconf 90' lang='lat' dir='ltr'><strong>sed</strong></span> <span class='ocrx_word' id='word_1_183' title='bbox 392 1493 609 1533; x_wconf 88' lang='lat' dir='ltr'><strong>detrimenti</strong></span> <span class='ocrx_word' id='word_1_184' title='bbox 634 1491 746 1541; x_wconf 87' lang='lat' dir='ltr'><strong>illati,</strong></span> <span class='ocrx_word' id='word_1_185' title='bbox 780 1502 857 1530; x_wconf 92' lang='lat' dir='ltr'><strong>non</strong></span> <span class='ocrx_word' id='word_1_186' title='bbox 882 1490 1057 1531; x_wconf 83' lang='lat' dir='ltr'><strong>futurum</strong></span> <span class='ocrx_word' id='word_1_187' title='bbox 1082 1489 1216 1539; x_wconf 82' lang='lat' dir='ltr'><strong>fuisse,</strong></span> <span class='ocrx_word' id='word_1_188' title='bbox 1240 1494 1284 1530; x_wconf 92' lang='lat' dir='ltr'><strong>ut</strong></span> <span class='ocrx_word' id='word_1_189' title='bbox 1308 1490 1373 1529; x_wconf 90' lang='lat' dir='ltr'><strong>illa</strong></span> <span class='ocrx_word' id='word_1_190' title='bbox 1400 1492 1616 1542; x_wconf 87' lang='lat' dir='ltr'><strong>exceptione</strong></span> <span class='ocrx_word' id='word_1_191' title='bbox 1641 1492 1698 1531; x_wconf 90' lang='lat' dir='ltr'><strong>uti</strong></span> 
     </span>
     <span class='ocr_line' id='line_1_23' title="bbox 295 1550 1698 1603; baseline 0 -12"><span class='ocrx_word' id='word_1_192' title='bbox 295 1557 436 1603; x_wconf 87' lang='lat' dir='ltr'><strong>posset,</strong></span> <span class='ocrx_word' id='word_1_193' title='bbox 462 1553 539 1593; x_wconf 89' lang='lat' dir='ltr'><strong>iam</strong></span> <span class='ocrx_word' id='word_1_194' title='bbox 567 1552 924 1592; x_wconf 87' lang='lat' dir='ltr'><strong>demonstravimus.</strong></span> <span class='ocrx_word' id='word_1_195' title='bbox 950 1572 999 1579; x_wconf 95' lang='lat'>-</span> <span class='ocrx_word' id='word_1_196' title='bbox 1024 1550 1131 1589; x_wconf 89' lang='lat' dir='ltr'><strong>Adde</strong></span> <span class='ocrx_word' id='word_1_197' title='bbox 1156 1550 1256 1599; x_wconf 89' lang='lat' dir='ltr'><strong>quod</strong></span> <span class='ocrx_word' id='word_1_198' title='bbox 1281 1561 1418 1599; x_wconf 84' lang='lat' dir='ltr'><strong>parum</strong></span> <span class='ocrx_word' id='word_1_199' title='bbox 1444 1552 1633 1600; x_wconf 86' lang='lat' dir='ltr'><strong>sagaciter</strong></span> <span class='ocrx_word' id='word_1_200' title='bbox 1657 1562 1698 1591; x_wconf 92' lang='lat' dir='ltr'><strong>se</strong></span> 
     </span>
     <span class='ocr_line' id='line_1_24' title="bbox 296 1609 1697 1661; baseline -0.001 -9"><span class='ocrx_word' id='word_1_201' title='bbox 296 1624 429 1661; x_wconf 83' lang='lat' dir='ltr'><strong>gerere</strong></span> <span class='ocrx_word' id='word_1_202' title='bbox 454 1617 646 1652; x_wconf 90' lang='lat' dir='ltr'><strong>oratorem</strong></span> <span class='ocrx_word' id='word_1_203' title='bbox 672 1615 711 1651; x_wconf 90' lang='lat' dir='ltr'><strong>et</strong></span> <span class='ocrx_word' id='word_1_204' title='bbox 736 1612 774 1651; x_wconf 89' lang='lat' dir='ltr'><strong>in</strong></span> <span class='ocrx_word' id='word_1_205' title='bbox 799 1611 903 1661; x_wconf 73' lang='lat'><strong>§462</strong></span> <span class='ocrx_word' id='word_1_206' title='bbox 938 1609 1198 1657; x_wconf 70' lang='grc' dir='ltr'><strong><em>»δικαζόντων</em></strong></span> <span class='ocrx_word' id='word_1_207' title='bbox 1222 1609 1333 1659; x_wconf 74' lang='grc' dir='ltr'>ὑμῶν</span> <span class='ocrx_word' id='word_1_208' title='bbox 1352 1611 1436 1649; x_wconf 77' lang='grc' dir='ltr'><strong><em>νυνὶ</em></strong></span> <span class='ocrx_word' id='word_1_209' title='bbox 1463 1641 1472 1650; x_wconf 94' lang='grc'><strong>.</strong></span> <span class='ocrx_word' id='word_1_210' title='bbox 1502 1642 1510 1650; x_wconf 95' lang='grc'><strong>.</strong></span> <span class='ocrx_word' id='word_1_211' title='bbox 1541 1625 1574 1651; x_wconf 80' lang='lat'><strong>.‹</strong></span> <span class='ocrx_word' id='word_1_212' title='bbox 1602 1615 1641 1651; x_wconf 93' lang='lat' dir='ltr'><strong>et</strong></span> <span class='ocrx_word' id='word_1_213' title='bbox 1657 1613 1697 1651; x_wconf 91' lang='lat' dir='ltr'><strong>in</strong></span> 
     </span>
     <span class='ocr_line' id='line_1_25' title="bbox 294 1669 1697 1723; baseline 0 -11"><span class='ocrx_word' id='word_1_214' title='bbox 294 1672 317 1723; x_wconf 73' lang='lat'>§</span> <span class='ocrx_word' id='word_1_215' title='bbox 336 1675 403 1712; x_wconf 82' lang='lat'><strong>27:</strong></span> <span class='ocrx_word' id='word_1_216' title='bbox 431 1669 535 1712; x_wconf 71' lang='grc' dir='ltr'><strong>»ὅσα</strong></span> <span class='ocrx_word' id='word_1_217' title='bbox 558 1674 632 1722; x_wconf 73' lang='grc' dir='ltr'><strong>μὲν</strong></span> <span class='ocrx_word' id='word_1_218' title='bbox 652 1671 726 1722; x_wconf 69' lang='grc' dir='ltr'><strong>γάρ</strong></span> <span class='ocrx_word' id='word_1_219' title='bbox 752 1669 1087 1722; x_wconf 75' lang='grc' dir='ltr'><strong><em>ἀμφισβητήσιμά</em></strong></span> <span class='ocrx_word' id='word_1_220' title='bbox 1114 1670 1220 1709; x_wconf 75' lang='grc' dir='ltr'><strong><em>ἔστι.</em></strong></span> <span class='ocrx_word' id='word_1_221' title='bbox 1236 1699 1246 1709; x_wconf 92' lang='grc'><strong>.</strong></span> <span class='ocrx_word' id='word_1_222' title='bbox 1263 1685 1295 1708; x_wconf 79' lang='grc'><strong>.«</strong></span> <span class='ocrx_word' id='word_1_223' title='bbox 1322 1673 1362 1709; x_wconf 84' lang='lat' dir='ltr'><strong>et</strong></span> <span class='ocrx_word' id='word_1_224' title='bbox 1385 1671 1468 1709; x_wconf 77' lang='lat' dir='ltr'><strong>aliis</strong></span> <span class='ocrx_word' id='word_1_225' title='bbox 1490 1670 1582 1711; x_wconf 85' lang='lat' dir='ltr'><strong>locis</strong></span> <span class='ocrx_word' id='word_1_226' title='bbox 1595 1674 1697 1712; x_wconf 79' lang='lat' dir='ltr'><strong>recte</strong></span> 
     </span>
     <span class='ocr_line' id='line_1_26' title="bbox 295 1731 1697 1782; baseline -0.001 -9"><span class='ocrx_word' id='word_1_227' title='bbox 295 1734 407 1773; x_wconf 83' lang='lat' dir='ltr'><strong>affert</strong></span> <span class='ocrx_word' id='word_1_228' title='bbox 429 1732 649 1782; x_wconf 71' lang='lat' dir='ltr'><strong>Blassius2).</strong></span> <span class='ocrx_word' id='word_1_229' title='bbox 695 1732 820 1778; x_wconf 87' lang='lat' dir='ltr'><strong>Quare</strong></span> <span class='ocrx_word' id='word_1_230' title='bbox 841 1731 1107 1771; x_wconf 87' lang='lat' dir='ltr'><strong>Demosthenis</strong></span> <span class='ocrx_word' id='word_1_231' title='bbox 1132 1741 1208 1769; x_wconf 89' lang='lat' dir='ltr'><strong>non</strong></span> <span class='ocrx_word' id='word_1_232' title='bbox 1234 1741 1318 1769; x_wconf 92' lang='lat' dir='ltr'><strong>esse</strong></span> <span class='ocrx_word' id='word_1_233' title='bbox 1342 1731 1548 1770; x_wconf 87' lang='lat' dir='ltr'><strong>orationem</strong></span> <span class='ocrx_word' id='word_1_234' title='bbox 1569 1732 1697 1772; x_wconf 87' lang='lat' dir='ltr'><strong>Lacri-</strong></span> 
     </span>
     <span class='ocr_line' id='line_1_27' title="bbox 295 1790 1696 1840; baseline -0.001 -7"><span class='ocrx_word' id='word_1_235' title='bbox 295 1797 398 1833; x_wconf 90' lang='lat' dir='ltr'><strong>team</strong></span> <span class='ocrx_word' id='word_1_236' title='bbox 425 1793 503 1832; x_wconf 91' lang='lat' dir='ltr'><strong>iam</strong></span> <span class='ocrx_word' id='word_1_237' title='bbox 526 1793 702 1840; x_wconf 86' lang='lat' dir='ltr'><strong>cognovit</strong></span> <span class='ocrx_word' id='word_1_238' title='bbox 722 1792 752 1830; x_wconf 90' lang='lat'><strong>1.</strong></span> <span class='ocrx_word' id='word_1_239' title='bbox 773 1790 1088 1840; x_wconf 85' lang='lat' dir='ltr'><strong>Herrmannus⁸).</strong></span> <span class='ocrx_word' id='word_1_240' title='bbox 1137 1790 1206 1829; x_wconf 89' lang='lat' dir='ltr'><strong>Cui</strong></span> <span class='ocrx_word' id='word_1_241' title='bbox 1232 1800 1329 1829; x_wconf 90' lang='lat' dir='ltr'><strong>nunc</strong></span> <span class='ocrx_word' id='word_1_242' title='bbox 1354 1791 1425 1829; x_wconf 90' lang='lat' dir='ltr'><strong>nisi</strong></span> <span class='ocrx_word' id='word_1_243' title='bbox 1451 1790 1562 1830; x_wconf 88' lang='lat' dir='ltr'><strong>fallor</strong></span> <span class='ocrx_word' id='word_1_244' title='bbox 1584 1802 1696 1831; x_wconf 91' lang='lat' dir='ltr'><strong>nemo</strong></span> 
     </span>
    </p>
   </div>
   <div class='ocr_carea' id='block_1_6' title="bbox 293 1852 1696 2078">
    <p class='ocr_par' dir='ltr' id='par_1_6' title="bbox 293 1852 740 1902">
     <span class='ocr_line' id='line_1_28' title="bbox 293 1852 740 1902; baseline -0.007 -9"><span class='ocrx_word' id='word_1_245' title='bbox 293 1857 353 1893; x_wconf 88' lang='lat' dir='ltr'><strong>est</strong></span> <span class='ocrx_word' id='word_1_246' title='bbox 379 1853 469 1902; x_wconf 89' lang='lat' dir='ltr'><strong>quin</strong></span> <span class='ocrx_word' id='word_1_247' title='bbox 497 1852 740 1891; x_wconf 88' lang='lat' dir='ltr'><strong>assentiatur.</strong></span> 
     </span>
    </p>

    <p class='ocr_par' dir='ltr' id='par_1_7' title="bbox 294 1908 1696 2078">
     <span class='ocr_line' id='line_1_29' title="bbox 393 1908 1696 1962; baseline -0.001 -12"><span class='ocrx_word' id='word_1_248' title='bbox 393 1911 673 1962; x_wconf 72' lang='grc' dir='ltr'><strong><em>Πονηρότατων</em></strong></span> <span class='ocrx_word' id='word_1_249' title='bbox 697 1922 787 1949; x_wconf 87' lang='lat' dir='ltr'><strong>vero</strong></span> <span class='ocrx_word' id='word_1_250' title='bbox 812 1912 994 1959; x_wconf 79' lang='grc' dir='ltr'><em>πρᾶγμα,</em></span> <span class='ocrx_word' id='word_1_251' title='bbox 1026 1908 1347 1958; x_wconf 86' lang='lat' dir='ltr'><strong>improbissimam</strong></span> <span class='ocrx_word' id='word_1_252' title='bbox 1372 1920 1529 1949; x_wconf 90' lang='lat' dir='ltr'><strong>causam</strong></span> <span class='ocrx_word' id='word_1_253' title='bbox 1553 1910 1696 1950; x_wconf 87' lang='lat' dir='ltr'><strong>inveni-</strong></span> 
     </span>
     <span class='ocr_line' id='line_1_30' title="bbox 294 1968 1696 2018; baseline -0.001 -8"><span class='ocrx_word' id='word_1_254' title='bbox 294 1982 379 2010; x_wconf 90' lang='lat' dir='ltr'><strong>mus</strong></span> <span class='ocrx_word' id='word_1_255' title='bbox 405 1972 442 2010; x_wconf 92' lang='lat' dir='ltr'><strong>in</strong></span> <span class='ocrx_word' id='word_1_256' title='bbox 468 1982 521 2009; x_wconf 93' lang='lat' dir='ltr'><strong>or.</strong></span> <span class='ocrx_word' id='word_1_257' title='bbox 546 1970 716 2009; x_wconf 89' lang='lat' dir='ltr'>XLVIII.</span> <span class='ocrx_word' id='word_1_258' title='bbox 771 1969 1014 2008; x_wconf 86' lang='lat' dir='ltr'><strong>Callistratus</strong></span> <span class='ocrx_word' id='word_1_259' title='bbox 1039 1968 1142 2007; x_wconf 87' lang='lat' dir='ltr'><strong>enim</strong></span> <span class='ocrx_word' id='word_1_260' title='bbox 1166 1969 1246 2017; x_wconf 88' lang='lat' dir='ltr'><strong>ipse</strong></span> <span class='ocrx_word' id='word_1_261' title='bbox 1272 1968 1374 2017; x_wconf 89' lang='lat' dir='ltr'><strong>apud</strong></span> <span class='ocrx_word' id='word_1_262' title='bbox 1402 1970 1544 2009; x_wconf 87' lang='lat' dir='ltr'><strong>iudices</strong></span> <span class='ocrx_word' id='word_1_263' title='bbox 1567 1970 1696 2018; x_wconf 89' lang='lat' dir='ltr'><strong>palam</strong></span> 
     </span>
     <span class='ocr_line' id='line_1_31' title="bbox 294 2028 1694 2078; baseline -0.001 -8"><span class='ocrx_word' id='word_1_264' title='bbox 294 2031 499 2070; x_wconf 87' lang='lat' dir='ltr'><strong>confitetur</strong></span> <span class='ocrx_word' id='word_1_265' title='bbox 533 2041 574 2069; x_wconf 90' lang='lat' dir='ltr'><strong>se</strong></span> <span class='ocrx_word' id='word_1_266' title='bbox 606 2031 644 2069; x_wconf 92' lang='lat' dir='ltr'><strong>in</strong></span> <span class='ocrx_word' id='word_1_267' title='bbox 671 2033 866 2078; x_wconf 90' lang='lat' dir='ltr'><strong>postremo</strong></span> <span class='ocrx_word' id='word_1_268' title='bbox 891 2028 1048 2077; x_wconf 88' lang='lat' dir='ltr'><strong>iudicio,</strong></span> <span class='ocrx_word' id='word_1_269' title='bbox 1082 2033 1126 2067; x_wconf 92' lang='lat' dir='ltr'><strong>ut</strong></span> <span class='ocrx_word' id='word_1_270' title='bbox 1155 2028 1257 2078; x_wconf 87' lang='lat' dir='ltr'><strong>pacti</strong></span> <span class='ocrx_word' id='word_1_271' title='bbox 1288 2031 1434 2078; x_wconf 89' lang='lat' dir='ltr'><strong>essent,</strong></span> <span class='ocrx_word' id='word_1_272' title='bbox 1470 2039 1545 2067; x_wconf 92' lang='lat' dir='ltr'><strong>non</strong></span> <span class='ocrx_word' id='word_1_273' title='bbox 1570 2029 1694 2070; x_wconf 90' lang='lat' dir='ltr'><strong>solum</strong></span> 
     </span>
    </p>
   </div>
   <div class='ocr_carea' id='block_1_7' title="bbox 295 2086 1696 2140">
    <p class='ocr_par' dir='ltr' id='par_1_8' title="bbox 295 2086 1696 2140">
     <span class='ocr_line' id='line_1_32' title="bbox 295 2086 1696 2140; baseline -0.001 -10"><span class='ocrx_word' id='word_1_274' title='bbox 295 2092 443 2138; x_wconf 87' lang='lat' dir='ltr'><strong>omnia,</strong></span> <span class='ocrx_word' id='word_1_275' title='bbox 469 2102 567 2140; x_wconf 88' lang='lat' dir='ltr'><strong>quae</strong></span> <span class='ocrx_word' id='word_1_276' title='bbox 592 2090 655 2129; x_wconf 89' lang='lat' dir='ltr'><strong>ille</strong></span> <span class='ocrx_word' id='word_1_277' title='bbox 681 2090 803 2138; x_wconf 90' lang='lat' dir='ltr'><strong>vellet,</strong></span> <span class='ocrx_word' id='word_1_278' title='bbox 829 2089 1079 2138; x_wconf 87' lang='lat' dir='ltr'><strong>concessisse,</strong></span> <span class='ocrx_word' id='word_1_279' title='bbox 1104 2088 1171 2128; x_wconf 86' lang='lat' dir='ltr'><strong>sed</strong></span> <span class='ocrx_word' id='word_1_280' title='bbox 1196 2086 1315 2128; x_wconf 90' lang='lat' dir='ltr'><strong>etiam</strong></span> <span class='ocrx_word' id='word_1_281' title='bbox 1339 2100 1483 2136; x_wconf 87' lang='lat' dir='ltr'><strong>eorum,</strong></span> <span class='ocrx_word' id='word_1_282' title='bbox 1510 2099 1609 2138; x_wconf 89' lang='lat' dir='ltr'><strong>quae</strong></span> <span class='ocrx_word' id='word_1_283' title='bbox 1632 2089 1696 2129; x_wconf 90' lang='lat' dir='ltr'><strong>ille</strong></span> 
     </span>
    </p>
   </div>
   <div class='ocr_carea' id='block_1_8' title="bbox 291 2173 527 2178">
    <p class='ocr_par' dir='ltr' id='par_1_9' title="bbox 291 2173 527 2178">
     <span class='ocr_line' id='line_1_33' title="bbox 291 2173 527 2178; baseline 0 0"><span class='ocrx_word' id='word_1_284' title='bbox 291 2173 527 2178; x_wconf 95' lang='lat' dir='ltr'><strong> </strong></span> 
     </span>
    </p>
   </div>
   <div class='ocr_carea' id='block_1_9' title="bbox 297 2205 1697 2302">
    <p class='ocr_par' dir='ltr' id='par_1_10' title="bbox 297 2205 1697 2302">
     <span class='ocr_line' id='line_1_34' title="bbox 379 2205 1695 2250; baseline -0.002 -9"><span class='ocrx_word' id='word_1_285' title='bbox 379 2210 411 2250; x_wconf 90' lang='lat' dir='ltr'><strong>l)</strong></span> <span class='ocrx_word' id='word_1_286' title='bbox 436 2209 482 2241; x_wconf 83' lang='lat' dir='ltr'><strong>Ut</strong></span> <span class='ocrx_word' id='word_1_287' title='bbox 501 2210 614 2241; x_wconf 86' lang='lat' dir='ltr'><strong>cetera</strong></span> <span class='ocrx_word' id='word_1_288' title='bbox 635 2208 706 2240; x_wconf 88' lang='lat' dir='ltr'><strong>litis</strong></span> <span class='ocrx_word' id='word_1_289' title='bbox 727 2208 950 2240; x_wconf 81' lang='lat' dir='ltr'><strong>instrumenta</strong></span> <span class='ocrx_word' id='word_1_290' title='bbox 970 2207 1022 2240; x_wconf 84' lang='lat' dir='ltr'><strong>ita</strong></span> <span class='ocrx_word' id='word_1_291' title='bbox 1043 2205 1181 2240; x_wconf 76' lang='lat' dir='ltr'><strong>testium</strong></span> <span class='ocrx_word' id='word_1_292' title='bbox 1203 2207 1376 2245; x_wconf 86' lang='lat' dir='ltr'><strong>formulae,</strong></span> <span class='ocrx_word' id='word_1_293' title='bbox 1397 2217 1484 2247; x_wconf 87' lang='lat' dir='ltr'><strong>quae</strong></span> <span class='ocrx_word' id='word_1_294' title='bbox 1504 2207 1640 2239; x_wconf 82' lang='lat' dir='ltr'><strong>exstant</strong></span> <span class='ocrx_word' id='word_1_295' title='bbox 1659 2207 1695 2239; x_wconf 87' lang='lat' dir='ltr'><strong>in</strong></span> 
     </span>
     <span class='ocr_line' id='line_1_35' title="bbox 297 2257 1697 2302; baseline -0.001 -9"><span class='ocrx_word' id='word_1_296' title='bbox 297 2271 342 2293; x_wconf 87' lang='lat' dir='ltr'><strong>or.</strong></span> <span class='ocrx_word' id='word_1_297' title='bbox 365 2260 487 2293; x_wconf 86' lang='lat' dir='ltr'><strong>Lacrit.</strong></span> <span class='ocrx_word' id='word_1_298' title='bbox 512 2262 625 2293; x_wconf 85' lang='lat' dir='ltr'><strong>utrum</strong></span> <span class='ocrx_word' id='word_1_299' title='bbox 649 2260 814 2302; x_wconf 86' lang='lat' dir='ltr'><strong>genuinae</strong></span> <span class='ocrx_word' id='word_1_300' title='bbox 836 2259 904 2291; x_wconf 88' lang='lat' dir='ltr'><strong>sint</strong></span> <span class='ocrx_word' id='word_1_301' title='bbox 925 2269 968 2292; x_wconf 86' lang='lat' dir='ltr'><strong>an</strong></span> <span class='ocrx_word' id='word_1_302' title='bbox 988 2270 1009 2292; x_wconf 88' lang='lat' dir='ltr'><strong>a</strong></span> <span class='ocrx_word' id='word_1_303' title='bbox 1032 2257 1170 2291; x_wconf 72' lang='lat' dir='ltr'><strong>falsario</strong></span> <span class='ocrx_word' id='word_1_304' title='bbox 1193 2258 1404 2300; x_wconf 82' lang='lat' dir='ltr'><strong>suppositae,</strong></span> <span class='ocrx_word' id='word_1_305' title='bbox 1437 2259 1589 2291; x_wconf 75' lang='lat' dir='ltr'><strong>certatur</strong></span> <span class='ocrx_word' id='word_1_306' title='bbox 1607 2258 1697 2292; x_wconf 76' lang='lat' dir='ltr'><strong>inter</strong></span> 
     </span>
    </p>
   </div>
   <div class='ocr_carea' id='block_1_10' title="bbox 294 2311 1697 2462">
    <p class='ocr_par' dir='ltr' id='par_1_11' title="bbox 294 2311 1697 2462">
     <span class='ocr_line' id='line_1_36' title="bbox 294 2311 590 2344; baseline -0.007 0"><span class='ocrx_word' id='word_1_307' title='bbox 294 2311 445 2344; x_wconf 81' lang='lat' dir='ltr'><strong>homines</strong></span> <span class='ocrx_word' id='word_1_308' title='bbox 466 2311 590 2343; x_wconf 82' lang='lat' dir='ltr'><strong>doctos.</strong></span> 
     </span>
     <span class='ocr_line' id='line_1_37' title="bbox 377 2361 816 2404; baseline -0.002 -10"><span class='ocrx_word' id='word_1_309' title='bbox 377 2362 411 2404; x_wconf 89' lang='lat'><strong>2)</strong></span> <span class='ocrx_word' id='word_1_310' title='bbox 432 2362 455 2395; x_wconf 89' lang='lat'><strong>1.</strong></span> <span class='ocrx_word' id='word_1_311' title='bbox 478 2372 505 2395; x_wconf 89' lang='lat' dir='ltr'><strong>c.</strong></span> <span class='ocrx_word' id='word_1_312' title='bbox 528 2372 560 2404; x_wconf 85' lang='lat' dir='ltr'><strong>p.</strong></span> <span class='ocrx_word' id='word_1_313' title='bbox 583 2361 644 2394; x_wconf 82' lang='lat'><strong>507</strong></span> <span class='ocrx_word' id='word_1_314' title='bbox 668 2361 765 2394; x_wconf 83' lang='lat' dir='ltr'><strong>Anm.</strong></span> <span class='ocrx_word' id='word_1_315' title='bbox 786 2361 816 2394; x_wconf 84' lang='lat'><strong>2.</strong></span> 
     </span>
     <span class='ocr_line' id='line_1_38' title="bbox 374 2411 1697 2462; baseline 0.001 -16"><span class='ocrx_word' id='word_1_316' title='bbox 374 2414 408 2454; x_wconf 85' lang='lat'><strong>3)</strong></span> <span class='ocrx_word' id='word_1_317' title='bbox 434 2414 456 2446; x_wconf 93' lang='lat' dir='ltr'><strong>l.</strong></span> <span class='ocrx_word' id='word_1_318' title='bbox 478 2424 505 2446; x_wconf 88' lang='lat' dir='ltr'><strong>c.</strong></span> <span class='ocrx_word' id='word_1_319' title='bbox 530 2423 563 2455; x_wconf 82' lang='lat' dir='ltr'><strong>p.</strong></span> <span class='ocrx_word' id='word_1_320' title='bbox 588 2413 626 2445; x_wconf 83' lang='lat'><strong>14</strong></span> <span class='ocrx_word' id='word_1_321' title='bbox 656 2413 738 2462; x_wconf 63' lang='lat' dir='ltr'><strong>3Die</strong></span> <span class='ocrx_word' id='word_1_322' title='bbox 764 2411 1006 2454; x_wconf 79' lang='lat' dir='ltr'><strong>Haltlosigkeit</strong></span> <span class='ocrx_word' id='word_1_323' title='bbox 1034 2411 1283 2445; x_wconf 81' lang='lat' dir='ltr'><strong>unterscheidet</strong></span> <span class='ocrx_word' id='word_1_324' title='bbox 1310 2412 1379 2445; x_wconf 84' lang='lat' dir='ltr'><strong>sich</strong></span> <span class='ocrx_word' id='word_1_325' title='bbox 1410 2412 1602 2446; x_wconf 72' lang='lat' dir='ltr'><strong>wmnuieh</strong></span> <span class='ocrx_word' id='word_1_326' title='bbox 1633 2422 1697 2447; x_wconf 84' lang='lat' dir='ltr'><strong>von</strong></span> 
     </span>
    </p>
   </div>
   <div class='ocr_carea' id='block_1_11' title="bbox 294 2463 677 2499">
    <p class='ocr_par' dir='ltr' id='par_1_12' title="bbox 294 2463 677 2499">
     <span class='ocr_line' id='line_1_39' title="bbox 294 2463 677 2499; baseline -0.003 -1"><span class='ocrx_word' id='word_1_327' title='bbox 294 2464 509 2499; x_wconf 70' lang='lat' dir='ltr'><strong>Demostheni.</strong></span> <span class='ocrx_word' id='word_1_328' title='bbox 531 2463 677 2497; x_wconf 80' lang='lat' dir='ltr'><strong>Reden«.</strong></span> 
     </span>
    </p>
   </div>
  </div>
 </body>
</html>
