1822 2904
817 188 867 229 59

141 302 312 348 γραπται
342 317 380 324 -—
409 295 682 346 ἀμελήσαντες
709 297 789 334 τῶν
817 301 1092 345 γεγραμμένων
1121 297 1165 333 ἐν
1188 297 1239 344 τῇ
1263 297 1467 345 συγγραφῇ
1495 317 1538 322 -

142 355 254 406 παρα
286 355 361 406 vij
394 354 621 406 συγγραφήν
645 376 693 383 -
718 360 933 406 γέγραπται
957 356 1004 394 δὲ
1029 355 1132 405 μετα
1155 356 1283 393 ταῦτα
1308 354 1353 392 ἐν
1376 356 1429 405 τῇ
1455 365 1542 403 συγ-

141 417 272 466 γραφῇ
300 435 349 443 -
379 420 593 464 γέγραπται
627 418 702 464 μὲν
736 416 811 464 γαρ
843 417 973 453 ταῦτα
1006 416 1050 453 ἐν
1081 416 1132 465 τῇ
1164 416 1366 463 συγγραφῇ
1390 435 1437 441 -
1461 417 1543 457 τοῖς

141 474 345 526 γράμμασι
376 478 652 525 γεγραμμένοις
684 475 728 513 ἐν
756 477 806 526 τῇ
830 476 1033 526 ameum
1059 495 1101 502 -
1128 474 1203 526 τήν
1229 473 1455 524 συγγραφήν
1481 495 1542 521 -,

142 539 201 575 22.
235 536 479 582 δανείζονται
519 557 555 563 -
595 535 923 587 ἐξαπατήσαντες
960 556 1005 564 -
1039 533 1365 584 παρεκρούσαντο
1395 554 1443 561 -
1476 534 1543 572 καὶ

141 595 291 634 ἔλαθον
321 594 599 644 δανεισάμενοι
634 616 679 622 -
705 596 779 634 τόν
812 596 1057 634 δανείσαντα
1091 593 1351 644 ἐξηπάτησαν
1384 592 1434 637 ὥς
1459 621 1468 631 .
1495 621 1505 632 .
1532 622 1541 631 .

140 653 405 704 δανειζόμενοι
444 675 473 684 -·
504 655 815 695 ἐπεδανείσαντο
842 677 891 684 -—
916 655 1254 701 ἐπιδανείσαντος,
1286 655 1445 692 52-53.
1472 653 1541 691 δα-

139 716 277 761 νείζειν
299 715 465 762 (sexies),
492 718 550 753 29.
575 715 796 765 προςιόντες
823 737 870 743 -
897 717 1105 764 προςῇμεν,
1145 716 1266 758 37138.
1291 713 1315 763 ἦ
1339 714 1541 762 συγγραφή

139 771 288 812 κελεύει
315 802 325 813 .
348 802 357 811 .
383 804 391 812 .
418 773 626 823 δανείζειν,
658 773 845 826 Ἀθήναζε
879 774 1074 825 ἀνέπαφα
1109 778 1296 822 παρέχειν
1330 773 1441 822 (bis),
1481 775 1539 812 39.

140 834 340 884 συγγραφή
374 833 481 882 (ter),
517 834 577 873 40.
609 829 725 883 οἶμαί
756 849 799 884 γε
831 836 917 873 δεῖν
943 857 992 864 -
1018 835 1267 884 οἶομένουςῑ),
1306 837 1355 872 40
1377 844 1460 882 sqq.
1486 834 1542 882 τῷ

138 892 238 942 λόγῳ
265 892 524 938 πιστεύοντας
548 915 596 923 --
620 896 677 944 τῷ·
699 895 836 944 δικαίῳ
862 893 1062 933 πιστεύων
1087 915 1137 921 -
1160 893 1440 943 ἐπαγγέλλεται
1463 893 1539 931 δει-

139 953 205 998 νὸς
227 947 330 992 εἶναι
351 975 393 981 -
414 953 743 1005 ἐπαγγελλόμενος
756 954 1253 994 παιδεύειν-ἐπαίδευσε
1264 954 1338 1005 τήν
1351 953 1539 993 παιδείαν

138 1012 286 1062 ταύτην
325 1034 370 1041 --
408 1015 481 1051 τοῦ
517 1014 775 1059 παιδεύοντος
811 1037 856 1043 -
889 1017 969 1053 τῶν
994 1015 1291 1063 παιδευομένων
1324 1035 1371 1041 -
1411 1013 1539 1058 δεινός

139 1073 225 1112 ε’στι
246 1071 312 1111 καὶ
338 1072 518 1113 πιστεύει
545 1075 602 1124 τῷ
624 1075 748 1124 λέγειν
775 1106 784 1115 .
812 1106 821 1115 .
849 1106 858 1115 .

238 1142 332 1181 Tum
366 1153 572 1192 pronomen
609 1143 944 1183 demonstrativum
978 1143 1200 1191 compluries
1230 1143 1405 1191 deinceps
1430 1153 1538 1181 usur-

138 1205 267 1252 patum
305 1212 380 1242 uno
413 1202 494 1242 loco
532 1203 742 1243 invenimus
779 1203 816 1242 in
842 1203 1089 1254 paragraphis
1117 1204 1234 1241 3—4:
1273 1195 1382 1240 οὗτοι
1410 1223 1455 1230 -
1484 1203 1540 1250 τῷ

139 1261 280 1301 τούτου
304 1262 469 1312 α’δελφῷ
485 1286 532 1291 -
555 1267 607 1302 Λ.
620 1263 747 1312 τούτῳ
775 1287 820 1291 -
845 1264 919 1315 τήν
945 1264 1058 1313 δίκην
1081 1262 1230 1313 ταύτην
1256 1283 1302 1290 -
1326 1263 1428 1300 κατά
1450 1263 1540 1306 τούς

138 1321 281 1366 αύτούς
306 1321 448 1372 νόμους
473 1321 633 1368 τούτους
660 1345 704 1351 —-
736 1322 900 1375 ἀδελφῷ
925 1322 1011 1362 ὄντι
1034 1322 1161 1372 τούτῳ
1187 1322 1336 1360 ἐκείνου
1360 1343 1409 1349 -
1435 1322 1539 1370 ἔχον-

138 1396 203 1426 τος
226 1381 370 1420 τούτου
395 1404 444 1410 -
470 1383 534 1421 ubi
563 1383 676 1421 etiam
705 1393 911 1432 pronomen
935 1382 1056 1427 αὐτὸς
1081 1382 1212 1421 crebro
1237 1382 1413 1421 invenies.

236 1450 310 1489 Sed
345 1450 384 1489 in
419 1451 492 1491 illis
525 1452 761 1492 orationibus
795 1454 884 1492 usus
915 1451 1142 1502 pronominis
1169 1443 1282 1496 οὗτος
1307 1451 1539 1500 frequentior

139 1512 208 1549 est.
247 1532 294 1538 —-
340 1510 482 1550 Lacriti
520 1523 605 1551 vero
647 1512 786 1551 nomini
821 1508 1039 1562 adiungitur
1071 1522 1276 1560 pronomen
1313 1510 1447 1550 ούτοσὶ
1483 1511 1538 1549 vel

137 1562 250 1615 οὗτος
275 1570 312 1609 in
339 1570 406 1620 §gz
442 1573 482 1621 3,
508 1574 549 1621 5,
577 1572 612 1621 7,
634 1574 675 1621 8,
706 1574 764 1621 15,
794 1576 848 1620 17,
875 1572 935 1621 22,
963 1574 1023 1621 28,
1049 1574 1108 1619 30,
1136 1573 1193 1619 31,
1221 1573 1289 1625 36,
1311 1573 1369 1620 37,
1393 1575 1452 1618 41,
1478 1574 1538 1617 44,

139 1633 197 1669 50.
266 1631 346 1678 Quo
391 1631 529 1670 omisso
559 1629 704 1672 Lacriti
748 1643 883 1677 nomen
925 1634 1078 1682 praeter
1124 1631 1316 1670 vocativus
1359 1641 1538 1680 paragra-

138 1687 297 1738 phorum
323 1690 385 1738 45,
409 1691 469 1738 46,
495 1693 544 1729 48
570 1690 686 1730 semel
712 1692 877 1744 positum
905 1694 965 1731 est
989 1692 1028 1730 in
1055 1690 1077 1740 ς
1103 1690 1161 1729 31.

235 1757 360 1797 Parva
396 1759 463 1798 illa
497 1761 693 1800 enuntiata
726 1772 810 1800 cum
844 1761 1030 1810 particula
1062 1761 1136 1808 γάρ
1169 1770 1289 1808 eaque
1316 1758 1538 1807 plerumque

138 1818 286 1859 inutilia
320 1818 527 1858 invenimus
560 1818 599 1857 in
629 1820 895 1869 paragraphis:
931 1823 965 1868 6,
993 1821 1053 1868 25,
1081 1820 1128 1857 28
1155 1817 1274 1868 (bis),
1305 1819 1365 1866 31,
1393 1818 1451 1866 32,
1478 1820 1536 1856 55.

137 1878 310 1927 Denique
354 1879 467 1917 etiam
511 1879 549 1916 in
593 1879 766 1918 oratione
800 1879 954 1919 XXXV.
999 1890 1112 1928 saepe
1156 1878 1315 1917 eandem
1350 1874 1536 1915 notionem

137 1938 242 1977 varia
279 1935 426 1977 ratione
461 1937 616 1987 exprimi
650 1936 773 1978 elucet
808 1949 854 1978 ex
889 1939 948 1979 his
979 1938 1092 1978 locis:
1130 1942 1161 1977 1.
1189 1937 1306 1976 οὐδὲν
1329 1935 1465 1974 καινὸν
1489 1957 1536 1962 -

136 1997 221 2037 ἀλλ’
234 1997 341 2048 ἅπερ
354 1997 560 2047 εἰώθασιν,
589 2002 623 2037 7.
647 2002 953 2050 προςεποιοῦντο
971 2000 1036 2037 καὶ
1057 2000 1216 2049 ἔφασαν
1236 1993 1349 2044 εἶναι,
1380 2000 1434 2035 19.
1455 1995 1538 2033 οὐδ’

136 2058 357 2109 ἐμέλλησαν
392 2058 486 2097 οὐδὲ
522 2058 809 2110 διενοήθησαν,
847 2062 907 2098 21.
934 2062 1200 2109 παραβαίνειν
1225 2057 1290 2096 καὶ
1316 2056 1371 2107 μή
1397 2057 1536 2102 ποιεῖν,

136 2119 195 2157 22.
233 2119 557 2168 παρεκρούσαντο
595 2119 661 2157 καὶ
697 2119 848 2158 ἔλαθον
881 2120 1181 2168 δανεισάμενοι,
1220 2120 1277 2155 26.
1310 2116 1425 2155 οὐδὲν
1453 2114 1536 2152 α’δι-

135 2179 292 2223 κοῦντες
317 2178 411 2218 οὐδὲ
436 2178 548 2228 δίκην
579 2176 770 2229 οὐδεμίαν
797 2178 1040 2230 ὠφληκότες,
1077 2182 1134 2223 38.
1162 2175 1255 2216 οὔτε
1280 2175 1537 2225 γιγνώσκομεν

136 2238 228 2278 οὗθ’
253 2239 491 2289 ἑοράκαμεν,
528 2241 586 2278 39.
615 2238 747 2277 οὐδενὶ
773 2237 929 2277 πώποτ’
952 2238 1166 2289 ἐφθόνησα
1193 2237 1277 2275 οὐδ’
1302 2236 1535 2283 ἐπετίμησα,

136 2302 195 2339 46.
223 2298 412 2350 βδελυρός
444 2302 503 2344 τίς
528 2299 613 2339 ε’στι
637 2299 702 2338 καὶ
727 2298 987 2349 ὑπερβάλλων
1013 2297 1197 2345 ἅπαντας
1220 2294 1458 2347 ἀνθρώπους
1482 2295 1539 2344 τῷ

136 2361 304 2411 πονηρός
332 2354 445 2399 εἶναι.

220 2486 251 2528 1)
273 2486 321 2520 ef.
344 2486 539 2521 Aeschinem
563 2486 636 2528 3‚33
656 2482 752 2525 οἶμαι,
773 2487 849 2532 ᾤετο
871 2488 944 2521 δεῖν.
