1822 2904
772 186 827 221 631

96 291 326 344 paragraphi
344 294 370 329 ,9
398 289 521 328 verba.
563 290 757 329 Particula
782 291 831 339 δὴ
864 292 982 339 igitur
1008 302 1082 329 non
1108 293 1236 329 exstat
1263 291 1299 328 in
1328 290 1498 329 oratione

96 353 280 393 Lacritea.
351 349 407 394 Ex
452 360 524 398 quo
573 353 676 389 certo
722 361 920 399 possumus
966 350 1185 390 concludere
1233 350 1329 390 hanc
1377 362 1497 400 neque

95 410 359 453 Demosthenis
384 420 468 448 esse
487 420 608 458 neque
625 410 791 449 eiusdem
809 411 970 449 oratoris
987 414 1103 459 atque
1120 411 1247 449 XLIII.
1270 414 1309 449 et
1333 410 1496 449 XLVIII.

194 471 311 510 Plane
336 469 546 508 abhorrent
571 469 642 509 hae
668 473 745 509 tres
773 470 965 510 orationes
990 481 1014 509 a
1043 470 1306 510 Demosthenis
1339 475 1424 510 arte
1457 471 1495 509 in

94 530 364 581 compositione
404 540 603 568 numerosa
634 529 877 580 (εὐρυθμία).
940 531 1118 570 Hiatibus
1162 532 1259 569 enim
1301 531 1498 570 abundant

95 596 169 641 ita,
207 595 249 630 ut
281 591 355 628 iam
390 600 413 627 a
451 590 649 628 Benselero
685 590 722 628 in
757 591 872 639 libro,
908 601 1015 639 quem
1047 591 1310 639 disputationis
1346 591 1453 629 initio
1469 593 1496 638 ¹)

95 649 475 694 commemoravimus,
510 649 614 688 haud
639 650 904 689 Demosthenis
938 661 1020 689 esse
1054 651 1241 690 iudicatae
1275 650 1361 689 sint.
1411 650 1495 689 Sin-

95 711 266 759 gularum
294 709 502 747 orationum
541 710 739 748 nonnullos
766 711 890 748 hiatus
918 711 987 749 hoc
1012 712 1091 748 loco
1116 721 1322 758 apponam:
1358 711 1494 749 XLIII.

98 775 127 808 1.
145 769 295 818 α’νάγκη
314 768 463 812 ἴσως-
477 771 510 806 2.
532 761 640 806 οὗτοι
655 768 1006 819 ἐπιδειχθήσονται
1016 764 1097 807 οἷοί
1102 770 1201 808 εἰσιν
1209 766 1422 818 ἄνθρωποι
1429 769 1496 807 καὶ

95 829 155 869 ὅτι
171 828 297 868 πάλαι
314 826 393 879 ἤδη
411 828 628 877 α’ρξοὲμενοι
644 827 762 866 οὐδὲν
773 851 820 858 -
831 829 896 866 καὶ
915 829 1084 878 οἰόμενοι
1094 829 1418 878 διαπράττεσθαι
1435 827 1497 868 ὅτι

93 890 145 929 ἄν
163 911 210 918 —
230 889 415 927 δικασταὶ
427 888 606 933 εὐνοικῶς
624 910 660 916 ·-
676 891 709 926 3.
727 893 826 937 γένει
842 881 946 927 οὖσα
963 889 1157 937 ἐγγυτάτω
1173 910 1218 917 -
1229 889 1289 939 εἴη
1308 890 1494 927 αὐτῶν-

95 945 229 1000 εἴναιῆ
240 947 547 997 sqq.-XLV111.
560 947 749 992 1.εἶςιέναι
757 947 811 991 εἷς
821 969 865 976 -
876 947 1055 998 προςήκει
1063 947 1295 987 ἀδικεῖσθαι
1304 971 1346 976 -
1355 948 1496 988 τούτου

96 1010 194 1057 ἔχων
221 1030 264 1035 -
293 1007 526 1045 α’δικεΐσθαι
552 1005 634 1044 ὑπὸ
660 1026 706 1033 -
736 1009 770 1045 2.
799 1001 901 1044 εἶναι
917 1006 1147 1056 ἀνθρώπων
1173 1026 1219 1033 —-
1246 1007 1495 1057 ἠνάγκασμαι

94 1068 174 1105 ὑπὸ
200 1087 247 1093 -
273 1065 415 1103 τούτου
450 1065 714 1113 ἀγωνίζεσθαι
746 1075 826 1114 sqq.
855 1085 902 1093 —
929 1065 1082 1103 XXXV.
1119 1068 1149 1103 1.
1187 1065 1498 1115 διαπράττονται

94 1125 132 1165 οἱ
156 1149 203 1155 -
239 1125 306 1163 δεῖ
334 1123 559 1163 α’ποδοῦναι
589 1123 733 1169 αὐτούς
780 1146 814 1152 -
852 1126 885 1162 2.
923 1123 952 1161 ἃ
989 1124 1133 1173 ἔλαβον
1168 1146 1211 1152 -
1249 1126 1315 1164 καὶ
1350 1126 1499 1164 οἴονται

94 1186 166 1224 εὀὶν
193 1208 236 1214 -
268 1184 531 1235 πσνηρότατοι
563 1183 796 1233 ἀνθρώπων
830 1205 876 1211 -—·
912 1184 1018 1222 δίκαι
1054 1183 1156 1223 εἰσιν
1188 1206 1236 1213 —-
1265 1188 1298 1223 3.
1331 1188 1503 1226 τοιοῦτοί

95 1245 194 1286 εἶσιν
220 1268 265 1274 -
292 1244 433 1284 τούτου
458 1244 622 1295 α’δελφῴ·
650 1266 688 1272 --
721 1242 849 1292 τούτῳ
874 1244 1012 1294 εἴληχα
1037 1265 1083 1272 -
1112 1256 1192 1293 sqq.

194 1306 252 1345 De
271 1306 485 1355 rhythmica
500 1305 566 1343 illa
583 1305 668 1353 lege
694 1315 718 1343 a
746 1304 890 1343 Blassio
902 1304 933 1351 ²)
959 1304 1124 1351 inventa,
1152 1305 1356 1343 secundum
1381 1317 1498 1354 quam

97 1366 379 1415 Demosthenes,
407 1366 439 1404 si
465 1365 669 1414 excipimus
694 1364 885 1402 orationes
918 1364 1089 1403 iuvenilis
1115 1365 1272 1413 aetatis,
1306 1365 1498 1404 rarissime

96 1429 134 1466 et
152 1426 190 1465 in
216 1426 330 1467 certis
356 1426 479 1466 causis
503 1425 586 1475 plus
613 1424 759 1464 duabus
784 1423 960 1473 deinceps
988 1424 1166 1463 brevibus
1188 1425 1340 1473 syllabis
1361 1426 1495 1473 utitur,

73 1496 319 1534 >quamquam
356 1486 525 1525 homines
561 1485 661 1524 docti
695 1487 862 1531 certant,
901 1495 988 1522 num
1028 1485 1065 1522 in
1101 1484 1202 1523 illius
1234 1485 1499 1524 observatione

94 1546 152 1585 lex
178 1547 365 1595 quaedam
393 1546 546 1595 agnosci
572 1544 710 1594 possit,
746 1547 872 1583 tamen
899 1543 938 1583 id
963 1544 1211 1583 certissimum
1246 1548 1325 1593 est,
1358 1546 1497 1584 Demo-

94 1606 259 1645 sthenem
285 1617 371 1645 raro
396 1607 529 1645 breves
556 1604 722 1654 syllabas
749 1603 972 1642 cumulasse.
1024 1604 1064 1642 In
1087 1604 1146 1642 his
1171 1605 1405 1644 orationibus
1432 1606 1496 1644 illa

93 1665 263 1714 regula&
302 1676 378 1704 non
420 1665 622 1704 observata
668 1667 748 1702 est:
796 1663 932 1702 XLIII.
980 1666 1086 1702 1—5.
1124 1664 1318 1714 πρότερον
1353 1664 1498 1714 ἀγῶνες

92 1725 268 1774 ἐγένοντο
302 1748 347 1753 -—
383 1724 734 1775 (παρανομοῦντες)
770 1745 817 1751 —-
852 1724 1230 1774 παρακολουθήσετε
1271 1724 1404 1764 ἅπασι
1447 1746 1496 1753 —·

92 1784 336 1833 (λεγομένοις)
363 1807 411 1812 -
437 1785 517 1833 (καὶ
542 1783 603 1822 ὅτι
629 1783 772 1830 πάλαι)
802 1804 846 1810 -
877 1781 937 1820 ὅτι
962 1781 1015 1820 ἄν
1040 1784 1196 1833 ἐπέλθῃ
1223 1806 1267 1810 --
1297 1782 1497 1832 (δεόμεθα

93 1863 138 1869 -
172 1842 390 1893 λεγομένων
423 1866 465 1872 ——
504 1841 841 1894 παρακολουθεῖν)
870 1863 916 1869 --
945 1848 1184 1894 σαφέστατα
1204 1843 1296 1895 περὶ
1328 1866 1365 1871 --
1396 1844 1495 1894 (κλη-

92 1906 255 1952 ρονομία
282 1904 401 1952 κατοὲ)
418 1926 466 1932 -
484 1904 529 1942 αἱ
553 1904 599 1942 δὲ
623 1904 815 1952 διαθῆκαι
829 1902 922 1941 τότε
944 1909 1192 1952 παρέσχοντο
1217 1927 1264 1933 -
1291 1904 1495 1954 α’πηλλοὶτ-

91 1975 204 2002 τοντο
227 1963 314 2002 α’πό
337 1986 382 1991 -
410 1963 504 2003 τότε
529 1962 772 2014 Θεόπομπος
795 1984 845 1991 -
874 1962 1279 2014 (παρακαταβάλλειν)
1306 1986 1350 1992 -
1379 1964 1495 2012 (κατοέ

90 2024 209 2072 γένος)
237 2046 282 2052 -
309 2024 425 2072 (κατα
442 2024 652 2074 διαθήκας)
678 2046 715 2051 --
738 2023 934 2073 ἐτόλμησε
957 2025 1329 2073 παρακαταβάλλειν
1346 2047 1392 2052 -
1412 2036 1494 2072 sqq.

91 2079 260 2120 XLVIII.
302 2085 358 2119 1-
375 2085 406 2120 5.
442 2081 544 2132 μηδὲ
578 2082 820 2130 δυναμένους
855 2101 902 2108 --
937 2081 1206 2132 (δικαστήριον
1236 2082 1418 2129 ἐπειδάν)
1448 2105 1492 2110 -

174 2167 203 2207 1)
226 2167 273 2200 Of.
298 2178 401 2209 supra
420 2178 452 2208 p.
474 2167 504 2200 3.
525 2185 562 2190 -
584 2166 632 2200 cf.
655 2165 865 2199 Benselerum
893 2176 925 2207 p.
953 2167 1023 2204 137,
1046 2167 1115 2205 142,
1140 2168 1195 2199 151
1219 2179 1290 2208 sqq.

169 2217 204 2260 2)
226 2217 273 2250 cf.
310 2214 473 2250 Blassihm
501 2217 616 2259 Progr.
645 2215 865 2257 Konigsberg.
905 2215 1193 2260 Wilhelmsgymn.
1226 2218 1316 2250 1875.
1357 2236 1382 2240 ——
1418 2219 1492 2252 Att.

92 2266 278 2303 Beredsmk.
300 2269 370 2312 111.,
392 2270 409 2303 1
433 2281 464 2313 p.
486 2269 527 2303 99
547 2280 617 2312 sqq.
641 2267 758 2303 Rhein.
784 2267 867 2301 Mus.
899 2268 979 2302 1878
999 2280 1032 2312 p.
1056 2268 1139 2312 5083
1167 2290 1199 2294 —
1227 2270 1492 2305 Bodendorffium

91 2319 203 2363 Progr.
235 2322 393 2364 Konigsb.
423 2322 548 2355 Friedr.
575 2323 694 2364 Gymn.
735 2320 825 2353 1880.
857 2322 928 2362 (pro
961 2321 1087 2354 Blaesio
1123 2324 1239 2354 contra
1269 2323 1430 2355 Itiihlium
1459 2324 1494 2356 in

91 2370 177 2405 Mus.
194 2372 296 2406 Rhen.
326 2374 407 2407 1879
427 2384 460 2415 p.
481 2374 556 2415 593)
575 2373 754 2406 Henricum
779 2371 869 2405 Wess
902 2372 1035 2405 »Revue
1068 2372 1160 2405 etita:
1193 2373 1330 2413 XXVI.‚
1357 2374 1388 2408 2.
1411 2374 1492 2408 1876

93 2440 128 2445 —
152 2423 244 2458 alios.

173 2476 206 2516 3)
230 2476 322 2515 Quae
348 2478 500 2518 exempla
523 2478 615 2510 uncis
637 2478 766 2516 inclusi,
789 2488 828 2510 ea
843 2486 864 2508 a
880 2476 1109 2509 Demosthenis
1131 2486 1192 2507 usu
1214 2487 1280 2509 non
1303 2478 1492 2509 abhorrent.
