1822 2904
805 177 863 223 53,

136 285 279 337 -Ᾰῃρῦ
303 282 631 333 κλήρουτᾳυτουί
654 311 662 320 .
689 310 701 320 .
728 296 763 327 ,ς
810 284 865 319 11.
898 280 1033 320 οὐτοσὶ
1059 281 1083 319 o‘
1109 284 1206 326 παῖς
1236 304 1275 309 -
1305 281 1532 321 vdunoewa

123 346 290 385 ’τουτονί
313 372 322 381 .
351 371 361 382 .
387 373 397 382 .
416 356 440 390 ;Ἰ
464 343 621 381 L3—15.
655 343 784 380 ταῦτα
811 361 857 370 -
882 341 956 379 τόν
986 341 1118 379 παῖδα
1144 342 1298 381 τουτονὶ
1318 334 1373 370 ⁶-
1400 343 1422 381 ὁ
1447 357 1533 382 του-

131 404 232 444 τουὶ
255 424 294 431 -
330 403 462 452 πατὴρ
495 422 542 434 .-
573 402 639 441 καὶ
672 401 790 447 αὐτὸς
826 394 941 444 οὗτος
971 420 1020 427 -·-
1050 403 1207 439 τουτουὶ
1235 424 1275 430 -
1304 402 1429 440 αὐτὼ·
1459 405 1533 450 μὲν

133 465 275 509 τοῦτον
300 483 348 490 -
371 461 394 499 o‘
412 463 509 506 παῖς
529 461 663 499 οὐτοσὶ
689 482 737 489 -
765 459 962 510 παρόντος
980 460 1136 498 τουτουὶ
1158 464 1219 501 Μ.
1244 482 1292 490 -
1316 460 1387 500 τὸν
1402 462 1534 500 παῖδα

133 522 287 569 ταυτηνὶ
312 542 359 566 -,-
384 515 512 559 ταῦϊα
545 542 589 548 -
615 522 696 558 τῶν
720 520 877 568 τουτουὶ
899 521 959 558 Μ.
987 540 1025 548 ·-
1061 520 1082 557 ὁ
1114 523 1212 565 παῖς
1245 521 1379 560 οὑτοσὶ
1407 542 1453 551 -
1477 524 1535 570 τῷ

134 582 258 626 παιδὶ
282 579 410 628 τούτῳ
442 601 490 607 -
524 572 633 617 οὗτοι
663 601 712 608 -
735 579 809 629 τήν
837 580 992 617 τουτουὶ
1025 584 1196 628 μητέρα;
1242 581 1298 618 19.
1333 581 1457 629 τούτῳ
1483 601 1531 609 -

134 632 242 690 οὗτοι
268 661 313 669 -
341 638 475 685 αὐτοῖς
500 661 547 667 -
572 637 705 677 αὐτῶν
726 657 774 664 ·-
796 637 929 683 αὐτοῖς
957 660 997 667 -
1027 638 1201 686 τούτων,
1227 634 1286 688 21,
1315 642 1374 689 26,
1402 643 1460 688 34,
1487 643 1533 679 72

136 700 240 751 »ὑπὸ
264 698 415 737 τούτων
439 699 505 737 καὶ
531 698 612 737 ὑπὸ
640 699 709 748 τῆς
733 696 882 747 ὕβρεως
904 700 973 748 τῆς
998 698 1172 740 τούτων.
1191 713 1223 737 ,ι

231 769 318 817 Quo
353 779 441 806 vero
460 768 613 807 ,clarius
643 779 716 806 non
751 771 812 806 est
836 767 947 806 huius
972 768 1027 806 rei
1053 768 1283 816 exemplum,
1318 768 1531 817 ubicunque

133 827 378 869 fere'dieitur
404 827 449 865 de
476 827 725 876 Theopompo,
752 826 944 875 additur¹)
979 827 1001 865 ὁ
1027 828 1183 865 τουτουὶ
1208 826 1343 877 πατήρ
1366 829 1532 876 Μακαρ-

133 886 264 929 τάτου.
326 885 544 926 Suffecisset
581 887 678 926 enim
691 918 700 935 ,
735 886 768 925 si
803 889 934 926 orator
971 888 1184 936 scripsisset
1218 888 1240 924 ὁ
1273 886 1531 935 Θεόπομπος,

133 946 355 997 praesertim
400 956 480 985 eum
525 949 608 984 tota
650 946 817 985 oratione
856 946 903 986 de
937 957 1012 985 uno
1046 947 1251 995 eodemque
1287 946 1530 995 Theopompo

134 1007 321 1056 ageretur.
377 1004 452 1044 Sed
487 1005 604 1044 multo
639 1006 809 1054 plurimis
844 1005 936 1045 locis
969 1006 1125 1054 legimus
1158 1006 1181 1044 ὅ
1211 1007 1366 1044 τουτουὶ
1398 1007 1530 1056 πατὴρ

134 1063 406 1113 Μακαρτάτου
433 1065 470 1103 in
496 1065 766 1113 paragraphis:
792 1070 828 1113 4,
856 1068 892 1114 5,
915 1069 949 1112 7,
977 1068 1021 1104 13
1048 1066 1113 1115 (21
1135 1066 1156 1103 ὁ
1173 1066 1329 1103 τουτουὶ
1342 1065 1530 1114 πρόγονος

134 1123 226 1173 M),
254 1125 320 1172 24,
346 1126 405 1170 27,
434 1126 492 1171 28,
520 1127 580 1170 29,
605 1125 667 1171 33,
688 1127 756 1172 41,
780 1127 840 1172 80,
873 1124 1117 1174 similiterque
1145 1125 1192 1164 59
1220 1124 1451 1173 Θεοπόμπῳ
1474 1127 1531 1173 τῷ

134 1182 256 1231 πατρὶ
279 1184 337 1231 τῷ
359 1182 522 1230 τούτου,
559 1186 609 1223 60
634 1186 680 1223 Θ.
706 1183 728 1221 o‘
753 1184 909 1221 τουτουὶ
935 1184 1084 1233 πατὴρ,
1120 1188 1159 1223 et
1185 1184 1270 1222 aliis
1296 1183 1405 1222 locis:
1433 1186 1478 1223 Θ.
1507 1185 1530 1222 o‘

134 1242 265 1292 πατήρ
288 1244 360 1280 τοῦ
383 1245 444 1280 Μ.
474 1246 529 1290 17,
556 1244 614 1290 21,
641 1245 701 1289 33,
728 1245 788 1290 34,
816 1246 875 1290 47,
901 1246 948 1281 55
977 1243 1096 1291 (bis),
1127 1243 1212 1281 aliis
1238 1243 1435 1281 attributis
1462 1244 1530 1281 ud-

134 1301 240 1341 ditis:
265 1301 324 1349 20,
352 1301 412 1349 25,
436 1302 484 1340 26
508 1301 620 1351 (bis),
648 1302 706 1349 30,
732 1303 792 1350 33,
821 1303 881 1348 34,
908 1304 967 1348 47,
996 1304 1044 1340 48
1071 1302 1181 1351 (bis),
1208 1303 1256 1340 52
1279 1302 1396 1351 (bis),
1430 1301 1529 1340 nullo

133 1359 319 1400 attributo
344 1360 491 1400 adiecto
519 1365 685 1410 quatuor
710 1361 820 1400 locis:
846 1364 905 1410 56,
935 1364 994 1410 64,
1021 1364 1081 1410 67,
1108 1364 1168 1401 69.

231 1428 310 1469 Iam
345 1441 389 1469 ex
427 1431 485 1470 his
517 1432 697 1481 exemplis
723 1432 981 1480 cognoscimus
1008 1432 1242 1480 frequentem
1270 1431 1529 1479 repetitionem

134 1500 206 1528 non
234 1490 354 1530 solum
374 1492 604 1540 pronominis
618 1492 915 1539 demonstrativi,
941 1492 1008 1530 sed
1022 1493 1135 1530 etiam
1150 1491 1354 1529 nominum.
1403 1491 1531 1540 Neque

134 1551 258 1589 rarius
269 1551 474 1590 Macartati
497 1551 814 1599 nomenlegimus
840 1552 879 1589 in
903 1551 972 1600 §§:
1000 1556 1035 1600 4,
1063 1555 1097 1599 5,
1125 1554 1158 1599 7,
1190 1551 1246 1598 13,
1278 1554 1322 1588 14
1337 1551 1446 1598 (bis),
1475 1554 1532 1597 15,

137 1612 193 1658 17,
217 1611 262 1649 21
292 1610 403 1660 (ter),
435 1612 495 1660 22,
521 1612 581 1658 24,
609 1612 656 1649 26
683 1611 794 1661 (uis),
826 1612 886 1659 27,
913 1612 973 1658 28,
998 1613 1058 1660 29,
1087 1612 1146 1658 33,
1175 1613 1222 1648 34
1247 1610 1355 1659 (bis),
1384 1614 1444 1659 41,
1471 1614 1531 1658 47,

135 1672 182 1709 48
207 1670 315 1719 (bis),
349 1674 408 1717 49,
436 1672 495 1717 52,
523 1674 582 1719 55,
609 1674 668 1718 59,
697 1674 755 1718 60,
783 1674 842 1718 64,
870 1674 917 1709 65
943 1671 1052 1720 (bis),
1081 1674 1140 1718 67,
1168 1674 1214 1708 77
1241 1670 1353 1719 (bis),
1385 1673 1445 1717 80,
1471 1673 1530 1718 81,

135 1730 202 1768 82:
218 1733 280 1769 -39
305 1730 378 1769 loci
403 1731 442 1769 in
468 1734 518 1769 67
543 1730 601 1780 gg.

232 1798 354 1839 Multo
390 1800 514 1839 rarius
548 1799 788 1839 adversarius
824 1800 1040 1839 nominatur
1072 1799 1109 1838 in
1141 1798 1403 1838 Demosthenis
1434 1800 1533 1838 veris

133 1859 291 1908 privatis
319 1860 579 1899 orationibus:
615 1859 712 1899 LIV.
741 1863 773 1907 l,
802 1862 836 1908 3,
862 1862 895 1908 7,
922 1862 957 1904 8,
987 1862 1048 1907 13,
1076 1862 1139 1908 15,
1172 1861 1232 1908 16,
1262 1860 1326 1908 20,
1354 1860 1419 1909 24,
1447 1859 1530 1906 31²)

134 1918 245 1969 (ter),
273 1921 331 1968 32,
358 1923 415 1967 39,
443 1921 491 1959 40
515 1919 624 1970 (bis),
650 1923 691 1959 41
719 1919 833 1969 (bis),
861 1920 920 1967 42,
947 1923 994 1958 43
1020 1919 1137 1967 (bis):
1161 1921 1215 1957 21
1241 1918 1313 1957 loci
1337 1919 1373 1957 in
1402 1922 1454 1958 44
1474 1918 1530 1969 99.

134 1977 318 2028 (Cononis
346 1983 515 2024 nomen).
566 1980 683 2019 LVII.
713 1983 746 2029 1,
771 1981 807 2027 4,
834 1982 869 2028 8,
898 1982 954 2027 15,
985 1981 1038 2026 16,
1067 1980 1128 2027 26,
1152 1981 1210 2026 30,
1235 1981 1294 2026 31,
1312 1980 1370 2028 32,
1392 1983 1450 2027 48,
1473 1983 1530 2027 59,

134 2040 182 2077 60
208 2038 326 2089 (bis),
353 2042 419 2078 61:
453 2042 503 2078 14
528 2039 599 2077 loci
627 2038 664 2077 in
695 2042 744 2078 69
770 2038 827 2088 §5-
880 2039 1107 2088 (Eubulidae
1132 2041 1296 2084 nomen).
1362 2038 1529 2077 XXXVI.

133 2098 176 2146 2,
204 2100 346 2148 3,-11‚
376 2103 438 2146 14,
468 2102 534 2148 16,
564 2101 607 2137 18
630 2098 749 2148 (bis),
783 2099 842 2147 22,
869 2100 929 2146 26,
955 2100 1015 2147 28,
1042 2101 1100 2147 56,
1129 2102 1188 2147 57,
1216 2101 1286 2138 60:
1321 2102 1371 2137 13
1396 2098 1465 2137 loci
1492 2099 1528 2136 in

133 2160 186 2196 62
212 2157 272 2208 §ss-
324 2159 557 2209 (Apollodori
584 2157 750 2207 nomen).

217 2301 249 2344 1)
271 2301 322 2336 cf.
342 2302 590 2335 Rohrmannum
615 2302 637 2335 1.
658 2312 685 2335 c.
709 2313 740 2344 p.
763 2302 813 2335 38.

214 2363 247 2405 2)
278 2363 317 2396 In
346 2373 385 2398 eo
413 2365 503 2405 quod
532 2363 729 2407 compluries
751 2363 906 2406 deinceps
926 2363 1016 2397 Gono
1039 2363 1246 2401 nominatur,
1277 2362 1443 2395 offendere
1466 2371 1532 2394 non

132 2423 319 2456 possumus,
346 2426 420 2449 cum
450 2416 485 2449 in
508 2416 579 2450 eius
600 2416 802 2459 paragraphi
824 2416 933 2450 verbis
957 2416 1116 2454 »Διότιμος
1137 2440 1144 2448 .
1168 2441 1176 2449 .
1199 2440 1207 2449 .
1225 2416 1412 2458 'Apim-ma«
1438 2413 1533 2446 testi-

132 2465 280 2500 monium
301 2467 520 2501 contineatur.
