1822 2904
938 177 988 218 54

357 283 476 324 Porro
501 294 576 325 uno
602 284 813 336 eodemque
835 285 919 326 loco
943 283 1126 335 persaepe
1151 285 1252 325 idem
1278 290 1415 326 nomen
1439 285 1664 335 compluries

259 343 435 392 deinceps
461 344 625 392 positum
654 348 724 392 est,
752 346 861 385 cuius
883 354 975 384 usus
997 352 1111 384 unum
1126 348 1167 383 et
1179 346 1442 392 gravissimum
1457 344 1664 393 exemplum

259 401 400 441 affero:
425 404 475 441 24
502 404 592 453 »τῆς
616 403 914 455 Φυλομάχης
933 404 980 442 δὲ
996 404 1067 454 τῆς
1083 403 1259 454 ἀδελφῆς
1275 405 1344 454 τῆς
1364 403 1668 453 Πολέμωνος

259 462 326 500 καὶ
378 461 644 513 Φιλάγρου,
696 457 730 514 ᾤ’
774 465 920 503 ἔδωκεν
963 464 1090 515 αὐτὴν
1138 463 1161 502 o‘
1203 463 1378 514 α’δελφδς
1423 463 1667 513 Πολέμων

260 522 419 575 ἀνεψιῷ
443 518 529 561 ὄντι
553 522 697 562 ἑαυτοῦ
723 524 763 574 (ὁ
788 525 864 574 γάρ
891 525 1138 574 Φίλαγρος
1160 523 1243 568 υἱὸς
1261 517 1311 573 ἦν
1331 523 1578 572 Εὐβουλίδου
1596 523 1669 561 τοῦ

259 581 441 632 α’δελφοῦ
477 582 552 620 τοῦ
580 582 757 632 Ἁγνίου),
797 585 869 622 τοῦ
903 583 956 634 δή
991 582 1241 633 Φιλάγρου
1276 584 1349 620 τοῦ
1383 582 1561 632 ἀνεψιοῦ·
1595 581 1669 621 τοῦ

262 640 563 691 Πολέμωνος
597 643 663 681 καὶ
694 645 764 694 τῆς
791 643 1095 695 Φυλομάχης
1124 644 1193 694 τῆς
1218 642 1394 693 ἀδελφῆς
1419 643 1488 693 τῆς
1512 641 1666 681 Πολέ-

261 715 418 750 μωνος
443 702 597 750 ἐγένετο
623 702 707 747 υἱὸς
733 731 742 741 .
768 732 777 742 .
805 732 814 741 .
840 704 907 741 καὶ
943 697 1052 741 οὗτοι
1083 705 1157 752 μὸν
1188 701 1284 746 υἱεῖς
1309 702 1487 750 ἐγένοντο
1511 701 1667 740 Πολέ-

263 773 365 810 μωνι
384 762 451 799 καὶ
476 762 527 811 τῇ
543 760 702 812 α’δελφῇ
719 764 770 813 τῇ
786 762 1086 812 Πολέμωνος
1110 760 1424 812 Φυλομάχῃ.«
1470 760 1666 801 Postremo

263 820 437 869 Hagniae
461 821 509 859 11.
546 831 697 870 quoque
731 822 869 861 mortui
896 833 1032 861 nomeu
1061 822 1174 861 etiam
1199 824 1316 869 atque
1343 821 1457 859 etiam
1484 819 1667 858 inutiliter

264 880 397 928 repeti,
413 890 662 918 commemoro
690 883 734 919 ut
756 881 795 919 in
819 880 844 931 ἓ
872 884 893 919 3
920 881 1032 931 (bis),
1064 883 1111 919 32
1136 891 1218 930 sqq.
1246 879 1419 929 (decies),
1444 878 1529 919 aliis
1554 879 1666 919 locis:

261 940 316 979 ita
344 939 513 988 exceptis
541 939 662 979 tribus
688 940 800 980 locis:
833 943 856 979 6
884 941 986 991 (bis),
1012 942 1072 989 67,
1103 941 1314 990 ubicunque
1339 940 1387 978 de
1412 939 1493 978 eius
1519 938 1666 978 heredi-

262 1002 344 1037 tate
369 997 517 1036 dicitur.
577 998 753 1046 Legimus
778 1000 900 1039 euim:
926 1000 952 1038 o‘
976 1000 1114 1052 κλῆρος
1138 1001 1210 1038 τοῦ
1232 999 1376 1049 Ἁγνίου
1402 998 1441 1037 iu
1466 997 1536 1048 §ge
1569 1001 1605 1047 3,
1632 1001 1666 1048 5,

264 1061 297 1106 7,
336 1060 394 1107 15,
429 1060 490 1106 20,
524 1060 584 1107 28,
617 1061 676 1107 31,
708 1062 766 1108 34,
802 1063 862 1107 48,
899 1063 958 1109 49,
997 1064 1057 1108 56,
1093 1063 1152 1108 65,
1188 1062 1235 1099 69
1262 1059 1372 1108 (bis),
1408 1060 1466 1107 76,
1494 1061 1553 1107 77,
1588 1058 1666 1097 vel:

260 1117 424 1166 Ἁγνίας,
460 1109 510 1154 οὗ
539 1118 649 1156 ἐστιν
682 1118 705 1156 ὁ
741 1118 878 1169 κλῆρος
901 1123 945 1158 ut
971 1120 1010 1158 in
1035 1119 1058 1169 5
1086 1122 1144 1159 32.
1204 1118 1400 1158 Interdum
1425 1127 1541 1166 porro
1567 1116 1666 1156 idem

264 1176 401 1226 duplici
429 1178 576 1217 ratione
601 1188 824 1227 expressum
848 1179 1028 1227 videmus,
1056 1190 1166 1229 quem
1180 1190 1290 1219 usum
1303 1189 1481 1218 vocamus
1493 1177 1668 1226 pleonas-

263 1247 385 1286 mum,
426 1241 469 1276 ut
502 1237 541 1276 in
576 1236 599 1286 ἓ
631 1241 679 1276 74
711 1239 794 1277 »ἔτι
828 1239 875 1277 δὲ
909 1239 1010 1289 πρὸς
1038 1238 1225 1284 τούτοις.«
1255 1260 1301 1266 -
1329 1239 1454 1288 Atque
1480 1237 1554 1276 huc
1579 1236 1667 1275 mihi

263 1296 415 1336 videtur
441 1296 632 1345 pertinere
659 1299 940 1347 comparativus
966 1299 1042 1348 ille,
1068 1309 1177 1348 quem
1207 1297 1367 1347 legimus
1390 1300 1429 1337 et
1456 1297 1494 1336 in
1514 1295 1538 1347 9
1556 1299 1603 1335 22
1628 1298 1669 1336 et

264 1357 303 1395 in
340 1355 363 1406 ἓ
400 1359 459 1395 25.
529 1357 591 1396 Sic
630 1356 834 1397 formatum
877 1370 961 1398 esse
998 1359 1294 1407 comparativum
1332 1357 1469 1407 duplici
1504 1357 1667 1405 quadam

263 1416 412 1455 ratione
437 1426 461 1453 a
485 1416 611 1464 poetis
636 1417 684 1455 ab
710 1417 841 1466 eisque
864 1418 1054 1457 rarissime
1078 1418 1276 1466 constat2).
1326 1417 1530 1456 Praeterea
1553 1415 1667 1455 Plato

264 1475 517 1524 compluribus
542 1475 631 1514 locis
651 1475 805 1525 μᾶλλον
826 1477 964 1517 subicit
977 1478 1244 1527 comparativo,
1269 1477 1373 1516 cuius
1389 1486 1482 1515 usus
1496 1475 1669 1524 exempla

264 1534 430 1588 afferunt
461 1534 731 1574 Stallbaumius
766 1536 815 1575 ad
847 1536 1026 1585 Gorgiam
1052 1540 1125 1576 487
1136 1537 1179 1576 B.
1213 1539 1253 1576 et
1286 1535 1416 1575 Astius
1453 1535 1492 1574 in
1527 1535 1667 1575 Lexico

264 1594 459 1634 Platonico
484 1595 533 1634 ΙΙ.
553 1606 590 1644 p.
610 1597 694 1635 274.
748 1596 792 1635 In
817 1596 1086 1636 Demosthenis
1111 1596 1347 1637 orationibus
1373 1595 1515 1635 nullum
1542 1594 1668 1634 inveni

263 1654 483 1703 exemplum.
1657 1688 1661 1691 .

364 1713 496 1763 Neque
530 1724 619 1753 vero
653 1713 772 1753 solum
811 1715 1098 1763 repetitionibus
1136 1719 1224 1756 orta
1256 1718 1315 1756 est
1340 1718 1450 1755 tanta
1476 1717 1516 1754 et
1541 1723 1668 1755 rerum

263 1777 303 1812 et
328 1773 531 1812 verborum
561 1773 735 1822 latitudo,
764 1774 829 1812 sed
854 1775 968 1813 etiam
997 1778 1136 1824 orator,
1164 1786 1248 1814 cnm
1265 1775 1420 1813 eandem
1439 1773 1668 1812 sententiam

263 1832 492 1881 exprimeret
526 1832 634 1871 varia
670 1832 819 1871 ratione
858 1833 969 1873 modo
1003 1833 1229 1874 affirmative
1265 1838 1304 1874 et
1330 1834 1527 1883 negative,
1560 1831 1669 1873 modo

264 1892 453 1942 gradatim
489 1892 697 1931 ascendens
731 1904 755 1931 a
780 1894 923 1932 minore
951 1895 998 1932 ad
1025 1895 1149 1933 maius
1175 1896 1233 1934 vel
1258 1907 1282 1934 a
1308 1896 1449 1934 maiore
1473 1894 1523 1932 ad
1547 1894 1670 1933 minus

264 1952 517 2000 descendens,
554 1962 628 2001 qua
664 1956 748 1991 erat
784 1952 1035 2003 loquacitate,
1073 1953 1188 1994 efficit
1223 1965 1304 1994 eam
1341 1953 1608 1994 verbositatem
1646 1963 1670 1993 a

264 2013 424 2062 privatis
470 2013 591 2052 causis
636 2012 808 2052 alienam.
886 2014 1042 2061 Qualem
1083 2015 1293 2055 invenimus
1329 2016 1368 2054 in
1401 2013 1670 2064 paragraphis:

264 2077 299 2112 4.
339 2073 427 2111 »καὶ
463 2072 509 2111 οὐ
541 2072 666 2122 μόνον
693 2071 940 2124 ἡττήθησαν,
974 2074 1078 2114 ἄλλά
1103 2076 1169 2114 καὶ
1197 2075 1460 2126 πονηρότατοι
1485 2073 1672 2119 δόξαντες

267 2129 370 2173 εἶναι
393 2134 697 2185 ἀπηλλάττοντο
722 2163 731 2172 .
759 2164 767 2172 .
795 2148 841 2182 .«,
865 2135 913 2174 ad
940 2147 1052 2185 quam
1081 2136 1360 2186 paragraphum
1386 2138 1488 2176 recte
1514 2134 1672 2183 adnotat

264 2195 563 2242 Rohrmanuusss)
598 2195 679 2232 loco
706 2195 913 2242 particulae
940 2196 1005 2233 καὶ
1031 2197 1241 2243 exspectari
1268 2194 1371 2234 ὥστε
1396 2198 1435 2233 et
1461 2195 1541 2232 loco
1567 2194 1671 2232 verbi

346 2313 377 2352 1)
402 2312 450 2345 ef.
469 2313 688 2354 Kruegerum,
715 2313 774 2352 qui
800 2313 822 2344 1.
835 2323 862 2345 c.
884 2313 989 2351 49,6,3
1012 2312 1277 2354 comparativum
1300 2313 1398 2345 illum
1420 2321 1584 2352 nusquam
1607 2311 1670 2343 nisi

261 2374 283 2396 a
311 2363 420 2405 poetis
459 2365 658 2406 usurpatum
697 2373 768 2397 esse
803 2363 904 2397 dicat.
961 2363 1009 2398 cf.
1038 2363 1233 2398 Herbstium
1260 2365 1303 2398 ad
1336 2362 1568 2406 Xenophontis
1596 2373 1671 2396 con-

262 2415 389 2448 vivium
413 2415 439 2449 1.
460 2416 490 2448 4.

344 2471 379 2513 2)
404 2471 427 2502 1.
451 2481 478 2503 c.
500 2482 536 2514 p.
558 2472 610 2505 38.
