1822 2904
944 156 994 193 28

263 261 421 301 consilia
454 263 587 302 dolosa
621 263 772 302 molitos
807 274 910 311 esse,
952 266 995 303 ut
1025 263 1096 303 sibi
1128 263 1317 312 eriperent
1347 261 1520 311 Hagniae
1553 262 1664 302 bona.

264 320 434 362 Eandem
459 322 579 373 igitur
603 334 686 364 esse
713 323 1019 374 controversiam,
1043 333 1179 364 novam
1199 322 1276 363 litis
1292 321 1462 363 formam.
1516 321 1667 374 Optimo

265 394 357 422 vero
396 384 479 423 iure
519 385 646 424 multis
690 385 800 424 annis
843 389 934 424 ante
975 397 998 423 a
1030 385 1271 433 Theopompo
1306 384 1389 423 illos
1423 395 1506 423 esse
1537 385 1668 424 victos.

265 441 429 479 Iudicum
461 445 587 481 autem
623 453 722 493 quae
755 445 835 481 tum
868 442 1004 482 fuisset
1028 442 1217 482 sententia
1241 442 1331 491 quin
1358 442 1395 480 in
1423 441 1495 481 hac
1521 452 1670 492 quoque

266 512 380 540 causa
405 501 537 540 eadem
562 506 675 551 esset,
702 514 742 542 se
768 514 840 541 non
867 502 1051 541 dubitare.
1103 502 1339 551 Quamquam
1355 501 1456 540 enim
1471 501 1667 543 Sositheus

267 562 311 597 ut
337 560 375 597 in
402 560 531 608 priore
557 572 672 600 causa
696 561 751 599 ita
776 562 826 608 in,
841 561 912 599 hac
938 561 1164 599 mentiretur
1186 558 1456 609 Phylomachen
1471 559 1512 608 I.,
1537 559 1668 598 Eubu-

266 618 366 657 lidae
398 618 442 658 11.
479 623 659 669 matrem,
704 620 818 660 fuisse
851 620 1066 659 Polemonis
1104 630 1273 661 sororem
1308 619 1359 657 ab
1395 618 1521 658 eodem
1558 622 1669 668 patre

266 679 454 727 genitam,
490 678 768 727 Phylomachen
798 680 847 719 ΙΙ.
880 681 996 728 igitur
1021 680 1192 728 Hagniae
1215 679 1257 717 11.
1292 677 1505 716 consobrini
1539 677 1665 724 filiam,

269 742 393 776 tamen
420 737 457 776 id
480 736 712 776 mendacium
739 748 821 777 esse
846 739 919 777 iam
940 742 1055 778 antea
1075 742 1193 778 testes
1214 736 1469 785 affirmasse1).
1514 736 1557 775 In
1574 746 1668 785 quos

266 796 312 835 de
336 795 442 835 falsis
469 796 698 835 testimoniis
725 796 843 846 lites⁹)
863 797 1074 837 Sositheum
1099 801 1138 836 et
1154 795 1428 846 Phylomachen
1450 796 1668 835 intendisse.

266 856 347 894 Has
373 859 498 893 autem
526 865 606 892 esse
633 855 815 903 repulsas
867 856 924 894 Ex
950 856 1087 904 quibus
1110 866 1295 905 apparere
1315 854 1384 894 Ph.
1405 854 1434 894 Ι.
1457 866 1531 893 non
1553 854 1667 894 fuisse

266 915 477 953 Polemonis
504 925 720 963 germanam
745 925 923 954 sororem.
975 914 1078 961 Quae
1099 915 1130 953 si
1148 914 1232 963 fuit,
1258 917 1298 953 et
1319 914 1426 963 prius
1449 913 1483 952 ei
1497 912 1669 962 Hagniae

267 973 515 1012 hereditatem
554 974 721 1022 oportuit
756 973 962 1012 adiudicari
996 981 1034 1012 et
1067 974 1105 1012 in
1131 973 1201 1012 hac
1225 984 1341 1012 causa
1367 971 1575 1011 Eubulidae
1601 972 1666 1011 111.

265 1031 462 1081 Utcunque
496 1043 585 1071 vero
620 1032 713 1072 haec
745 1044 806 1072 res
841 1044 881 1072 se
917 1032 1050 1081 habet,
1087 1033 1126 1071 id
1168 1043 1237 1081 pro
1273 1035 1376 1071 certo
1410 1031 1530 1071 habeo
1564 1031 1668 1071 infir-

266 1092 470 1145 missimam
498 1101 581 1130 esse
611 1091 775 1130 Sosithei
806 1092 1191 1140 argumentationem,
1227 1091 1367 1140 quippe
1397 1091 1482 1140 qui,
1520 1094 1563 1129 ut
1593 1091 1668 1130 iam

267 1152 469 1199 explicavi,
508 1151 746 1200 Theopompo
782 1155 821 1190 et
854 1152 1066 1190 Macartato
1104 1150 1250 1189 nullum
1283 1151 1342 1188 ius
1376 1151 1669 1199 propinquitatis

266 1220 349 1248 esse
375 1209 489 1256 dicat,
516 1220 589 1247 non
616 1209 764 1258 probet.
818 1211 927 1249 Ilium
953 1211 1050 1249 enim
1077 1209 1252 1258 Hagniae
1275 1209 1323 1247 11.
1345 1208 1519 1262 ἀνεψιοῦ
1537 1209 1669 1248 παῖδα

266 1280 339 1306 non
374 1268 491 1306 fuisse
525 1268 598 1306 nisi
635 1268 939 1318 demonstraret,
970 1270 1128 1315 iudices,
1161 1268 1311 1307 etiamsi
1338 1268 1611 1316 Phylomachen
1638 1269 1668 1307 Ι.

266 1327 380 1365 fuisse
416 1337 632 1375 germanam
667 1338 835 1366 sororem
868 1329 923 1368 eis
948 1339 1169 1378 persuasum
1193 1331 1314 1376 esset,
1348 1326 1573 1366 Eubulidam
1600 1327 1666 1366 111.

265 1389 496 1435 postponere
525 1386 765 1436 Theopompo
791 1387 872 1436 vel,
905 1399 987 1427 cum
1020 1388 1051 1427 is
1077 1388 1149 1426 iam
1177 1391 1344 1426 mortuus
1369 1391 1489 1435 esset,
1521 1386 1669 1425 Macar-

267 1449 349 1483 tato
387 1446 556 1492 oportuit
591 1446 795 1484 secundum
832 1448 970 1495 legem,
1017 1458 1114 1496 quae
1152 1445 1322 1484 iuberet:
1367 1448 1547 1495 »κρατεῖν
1580 1445 1672 1490 τούς

264 1500 432 1553 ἄῤῥενας
457 1503 523 1541 καὶ
549 1504 639 1549 τούς
663 1505 705 1542 ἐκ
728 1507 807 1543 τῶν
830 1505 1040 1555 άρῤἐνων.«
1077 1527 1118 1532 -
1146 1505 1189 1543 ln
1210 1516 1254 1543 eo
1276 1505 1402 1553 igitur,
1429 1505 1530 1553 quod
1554 1509 1670 1553 caput

266 1569 361 1610 erat,
388 1562 545 1600 debilem
573 1574 614 1601 se
637 1564 820 1611 praebere
846 1567 1033 1602 oratorem
1059 1565 1293 1612 perspicuum
1321 1567 1390 1601 est.
1442 1562 1563 1600 Multa
1582 1574 1669 1601 vero

267 1624 306 1659 et
342 1621 470 1658 inania
506 1621 621 1659 verba
655 1621 746 1660 facit
782 1622 827 1661 de
859 1622 992 1670 rebus,
1027 1632 1123 1670 quae
1150 1625 1217 1661 aut
1242 1622 1392 1660 omnino
1418 1631 1492 1658 non
1519 1620 1567 1659 ad
1593 1631 1670 1660 rem

265 1680 482 1728 pertineant
506 1684 576 1718 aut
601 1681 710 1728 parvi
738 1681 815 1720 sint
842 1681 1018 1720 momenti
1048 1685 1090 1719 ut
1115 1681 1161 1719 de
1187 1680 1401 1720 nominibus
1424 1682 1494 1718 etc.
1536 1680 1671 1729 Itaque

267 1738 449 1777 orationis
485 1739 645 1777 maxima
679 1751 768 1788 pars
802 1751 825 1778 a
862 1752 902 1779 re
936 1740 1169 1789 digreditur,
1205 1748 1484 1795 supervacanea
1510 1739 1671 1789 videtur,

352 1879 383 1919 1)
406 1878 453 1910 Cf.
476 1878 516 1910 Is.
534 1878 589 1910 XI.
607 1878 660 1909 17:
687 1877 781 1909 »ὥστε
803 1878 824 1919 ἡ
845 1880 901 1915 μέν
924 1880 977 1910 τὸν
997 1879 1106 1922 κλῆρον
1128 1879 1247 1917 ἔχουσα
1270 1877 1320 1908 καὶ
1340 1877 1369 1907 οἱ
1388 1877 1526 1917 λέγοντες
1545 1879 1580 1909 τὸ
1602 1881 1674 1920 περὶ

266 1930 364 1971 αὐτῆς
391 1933 492 1969 γένος,
523 1931 629 1971 ἐπειδή
659 1932 903 1969 κατεψεύσαντο,
938 1931 1052 1973 ῥᾳδίως
1082 1930 1135 1962 ὑπ’
1168 1928 1240 1966 ‘'peon‘-
1268 1932 1337 1959 τότε
1368 1930 1599 1972 ἐξηλέγχθησαν
1621 1933 1673 1963 οὐκ

266 1983 384 2023 α’ληθές
405 1995 437 2012 τι
457 1983 576 2024 γράψαι
597 1983 803 2022 τολμήσαντος
825 2006 832 2014 .
856 2008 862 2015 .
886 2006 894 2014 .
917 1996 944 2014 ,α

352 2044 384 2084 2)
406 2043 452 2075 Cf.
475 2044 514 2076 Is.
538 2043 593 2075 XI.
618 2045 658 2075 45
693 2045 800 2081 »κάμοὶ
829 2046 885 2081 μὲν
915 2044 930 2075 ὅ
952 2043 1067 2085 κλῆρος,
1089 2043 1123 2073 ὃν
1141 2042 1266 2082 Ἁγνίας
1289 2044 1461 2082 κατέλιπεν,
1482 2039 1568 2080 οὗτος
1587 2045 1672 2077 οὔπω

266 2099 391 2134 βέβαιός
417 2098 491 2125 ἐστι.
525 2096 606 2126 δίκαι
630 2096 690 2138 γὰρ
720 2098 894 2137 ἐνεσιήκασι
919 2094 1184 2136 ψευδομαρτυριῶν
1214 2120 1221 2127 .
1246 2119 1253 2126 .
1277 2108 1303 2127 ,α
1337 2097 1372 2126 et
1400 2095 1485 2128 Mae.
1507 2097 1526 2137 ἓ
1552 2097 1584 2135 1;
1613 2096 1671 2129 ubi

268 2148 439 2180 Sositheus
465 2147 553 2188 ipse:
588 2149 731 2189 ›Raudii‹
763 2150 875 2189 inquit
901 2149 968 2179 »καὶ
992 2150 1138 2189 πρότερον
1160 2147 1310 2185 ἀγῶνες
1330 2149 1467 2185 ἐγένοντο
1488 2147 1571 2187 ἡμῖν,
1595 2142 1619 2179 αἶ
1640 2148 1671 2181 ἅ.

268 2201 310 2237 ὃ.,
341 2201 417 2240 πρὸς
444 2200 514 2235 τούς
541 2200 653 2235 αι’τοιῖς
683 2201 810 2236 τούτους
837 2202 909 2241 περὶ
936 2200 992 2231 τοῦ
1020 2200 1129 2241 κλήροιν
1161 2199 1215 2230 τοῦ
1232 2198 1356 2238 ‘Artior‘
1378 2224 1385 2231 .
1410 2224 1417 2231 .
1440 2213 1472 2231 .‹
1498 2218 1536 2223 —
1561 2200 1607 2233 Cf.
1630 2201 1670 2234 A.

270 2252 483 2284 Schaeferum
508 2252 528 2283 l.
552 2262 577 2283 c.
603 2262 633 2292 p.
657 2251 714 2283 231
741 2253 837 2283 Anm.
860 2253 896 2284 4:
930 2262 1044 2284 »wenn
1076 2261 1109 2282 es
1142 2250 1160 2291 ξ
1182 2250 1222 2282 30
1250 2250 1369 2282 heisst:
1400 2251 1500 2281 ταύτα
1523 2252 1557 2282 δὲ
1576 2252 1672 2283 πάντ’

264 2303 363 2338 ‹laevis-
384 2304 485 2342 ἔλεγεν
508 2303 522 2333 ὅ
546 2304 727 2339 Θεόπομπος
750 2305 893 2346 μιῖρτυρα
908 2305 964 2340 μὲν
983 2304 1092 2334 oo'ddm
1114 2305 1345 2343 παρασχόμενος
1359 2326 1366 2333 .
1380 2315 1407 2334 ,κ
1429 2312 1465 2335 so
1486 2302 1547 2334 soll
1565 2302 1671 2336 damit

268 2355 356 2388 wohl
386 2366 450 2387 nur
481 2354 533 2387 die
557 2355 833 2397 Erfolglosigkeit
866 2357 924 2388 der
955 2355 1143 2389 erhobenen
1166 2354 1274 2396 Klage
1305 2354 1488 2387 bemfintelt
1509 2356 1670 2388 werden«

271 2427 308 2431 —
332 2408 378 2440 Cf.
404 2407 564 2439 Blassium
588 2407 608 2438 l.
632 2419 658 2439 e.
684 2419 716 2449 p.
736 2408 798 2440 490
820 2409 915 2441 Anm.
939 2408 968 2440 3.
992 2426 1032 2432 —-
1057 2407 1154 2439 Falso
1183 2406 1310 2439 iudicat
1341 2406 1574 2439 Rohrmannus
1596 2406 1618 2438 l.
1643 2417 1671 2439 c.

266 2471 299 2503 p.
319 2460 369 2498 25,
393 2459 451 2501 qui
473 2459 570 2491 illum
593 2470 633 2492 ex
655 2460 748 2493 Isaeo
769 2461 911 2493 citatum
932 2461 1041 2495 locum
1066 2459 1200 2494 omnino
1221 2468 1287 2493 non
1309 2457 1438 2492 afferat.
