1822 2904
775 159 821 198 13

0 242 16 285 -j
43 242 49 247 Δ
78 265 260 320 'ineant
311 266 585 317 Phylomachae
622 267 721 305 enim
747 267 786 304 in
811 266 937 314 prima
962 276 1076 305 causa
1102 264 1323 313 contigisse,
1360 269 1403 304 ¹¹¹²
1428 264 1499 305 Sibi

92 318 401 381 adiudicarentur
428 326 601 375 Hagniae
626 325 674 364 11.
706 325 816 364 bona.
869 324 1010 364 Postea
1041 323 1190 364 demum
1218 336 1299 364 cum
1326 324 1435 364 multi
1461 325 1500 364 in

92 395 177 431 eam
212 389 450 428 exstitissent
484 385 711 432 adversarii,
742 385 845 423 illam
880 385 1018 423 victam
1054 395 1137 423 esse
1170 384 1400 433 Theopompi
1426 396 1500 423 non

93 449 201 490 iustis
233 446 495 498 argumentis,
533 444 598 483 sed
635 444 780 482 nefaria
812 443 945 483 fraude
971 443 1146 493 (3—10).
1200 444 1344 482 Deinde
1371 448 1501 482 orator

13 506 17 508 ’
95 511 272 548 accurate
309 505 491 554 explicat,
526 504 719 555 quomodo
750 504 850 543 filius
886 507 927 543 et
951 504 1071 554 ipsius
1097 507 1137 543 et
1160 503 1436 553 Phylomachae
1462 505 1501 542 in

94 565 310 606 Eubulidae
342 564 391 603 ΙΙ.
434 564 583 602 domum
626 556 834 612 adoptatus
869 563 920 601 sit
955 564 1107 601 nomine
1141 563 1354 601 Eubulidae
1389 563 1501 613 (111.)‚

97 623 215 678 atque
239 624 361 674 legem
387 622 540 662 recitari
568 621 684 671 iubet,
711 634 788 673 qua
808 622 862 662 illi
882 623 994 662 liceat
1007 623 1180 672 Hagniae
1193 624 1241 662 11.
1255 622 1501 663 hereditatem

97 687 220 725 denuo
255 685 295 723 in
330 684 625 722 controversiam
651 695 784 722 vocare
815 683 1019 732 (ll—17).
1072 685 1288 732 Sequuntur
1314 685 1504 732 permulta

98 748 140 783 et
164 744 291 782 inania
314 741 443 791 verba,
470 743 610 793 quibus
633 743 805 792 Hagniae
818 745 866 782 II.
889 744 1073 782 neminem
1096 754 1180 782 esse
1197 744 1502 793 propinquiorem

98 815 223 854 neque
250 803 454 851 agnatione
480 815 602 853 neque
635 804 857 852 cognatione
884 815 1001 853 quam
1028 803 1254 843 Eubulidam
1280 804 1348 843 111.
1375 808 1505 844 orator

100 863 264 912 probare
291 862 373 901 vult
394 862 592 912 (18—27).
643 863 687 901 In
714 863 891 912 proximis
915 863 1165 911 paragraphis
1193 864 1314 902 multa
1334 863 1507 913 deinceps

100 922 318 962 testimonia
344 922 590 971 exhibentur,
624 922 763 972 quibus
792 921 989 962 Sositheus
1017 933 1098 961 cum
1125 923 1201 962 alia
1228 926 1313 962 tum
1339 922 1376 961 id
1402 923 1506 962 affir—

100 986 270 1021 maturus
293 985 370 1031 est,
394 982 589 1021 mendacia
615 993 718 1031 esse,
744 994 841 1031 quae
866 985 978 1021 antea
1006 982 1268 1031 Theopompus
1294 983 1341 1021 de
1367 994 1506 1032 genere

100 1039 374 1092 Phylomachae
400 1043 426 1081 Ι.
463 1042 576 1092 apud.
599 1042 741 1081 iudices
777 1042 928 1081 dixerit.
983 1043 1103 1089 Quam
1129 1052 1213 1081 esse
1240 1042 1370 1081 eodem
1396 1046 1507 1091 patre

100 1103 264 1151 genitam
299 1102 509 1141 Polemonis
552 1112 719 1140 sororem
754 1101 857 1140 illum
901 1102 1098 1150 negavisse
1133 1102 1323 1150 (28—50).
1385 1102 1507 1140 Testi-

100 1163 236 1203 moniis
271 1162 442 1202 recitatis
473 1162 684 1211 permultas
710 1165 841 1201 orator
871 1161 983 1201 affert
1007 1163 1130 1210 leges,
1165 1162 1326 1211 primum
1353 1161 1400 1201 de
1424 1162 1508 1201 iure

100 1223 330 1262 hereditario
356 1221 536 1271 (51—52)
552 1251 562 1267 ,
597 1224 678 1260 tum
712 1221 757 1260 de
795 1221 904 1269 filiis,
941 1222 991 1260 ad
1025 1233 1120 1270 quas
1153 1221 1347 1260 hereditas
1380 1221 1509 1270 aliqua

99 1282 303 1331 pertineat.
369 1280 489 1328 Quam
532 1281 651 1329 legem
694 1280 907 1330 Sositheus,
952 1292 1035 1320 cum
1071 1280 1347 1330 Phylomachen
1382 1281 1431 1320 ΙΙ.
1469 1281 1509 1319 in

101 1341 380 1381 matrimonium
426 1336 603 1389 duceret,
646 1352 688 1379 se
730 1341 951 1391 observasse
986 1341 1075 1380 dicit
1110 1341 1301 1390 (53—56).
1362 1341 1509 1379 Deinde

101 1402 209 1441 addit
244 1401 339 1440 alias
375 1401 499 1449 leges,
533 1411 578 1438 ex
614 1400 753 1450 quibus
787 1404 973 1449 appareat
1004 1401 1226 1451 propinquis
1254 1400 1398 1439 tributa
1424 1411 1508 1439 esse

104 1471 179 1500 non
213 1461 333 1500 solum
368 1460 472 1507 iura,
510 1459 576 1499 sed
610 1460 723 1498 etiam
756 1459 880 1499 officia
916 1460 953 1499 in
989 1463 1156 1500 mortuos
1191 1459 1392 1509 (57-65).
1452 1459 1509 1499 Ne

103 1520 293 1559 oraculum
314 1519 465 1569 quidem
485 1519 704 1567 Delphicum
730 1520 846 1558 deest.
898 1520 1009 1567 Quod
1037 1520 1070 1559 si
1094 1520 1333 1558 Macartatus
1358 1520 1509 1567 longam

102 1580 275 1629 Hagniae
301 1580 348 1618 ΙΙ.
381 1579 570 1620 bonorum.
589 1579 866 1628 possessionem
892 1580 1059 1629 opponit,
1088 1579 1255 1619 breviter
1285 1582 1415 1618 orator
1443 1590 1509 1629 op-

101 1640 228 1689 pulsat
254 1651 338 1678 eum
365 1639 563 1686 monendo,
593 1643 637 1677 ut
661 1638 836 1677 fortunae
858 1640 1004 1688 gratias
1017 1639 1168 1686 habeat,
1196 1639 1298 1688 quod
1313 1651 1387 1678 non
1401 1639 1508 1688 prius

102 1712 148 1740 ea
175 1700 364 1739 hereditas
395 1698 586 1737 transierit
616 1698 654 1736 in
680 1709 814 1737 manus
838 1698 1015 1739 heredum
1040 1700 1207 1748 ipsorum
1234 1698 1336 1749 (67).
1388 1698 1508 1737 Theo-

100 1772 275 1810 pompum
309 1770 398 1798 vero
434 1770 478 1796 eo
512 1758 726 1806 pervenisse
760 1758 941 1797 audaciae
973 1763 1013 1797 et
1049 1758 1324 1807 impudentiae,
1359 1762 1403 1797 ut
1432 1770 1507 1797 non

101 1820 220 1859 solum
246 1819 463 1866 neglegeret
488 1816 611 1855 officia
636 1817 943 1866 propinquorum,
971 1817 1036 1856 sed
1063 1818 1175 1856 etiam
1201 1817 1239 1855 in
1264 1817 1436 1865 Hagniae
1458 1818 1506 1856 ΙΙ.

100 1880 203 1928 agris
239 1878 416 1918 evelleret
451 1877 582 1916 olivas.
635 1876 745 1924 Quod
779 1877 901 1917 scelus
937 1878 1065 1927 etqui
1093 1878 1172 1917 suis
1198 1878 1362 1927 ipsorum
1389 1876 1506 1915 oculis

102 1938 267 1977 viderint
298 1941 417 1977 testes
444 1937 606 1976 eduntur
632 1940 673 1975 et
697 1936 856 1975 affertur
879 1937 937 1976 lex
964 1949 1063 1987 quae
1090 1939 1195 1975 vetat
1218 1935 1410 1984 (68—72).
1462 1936 1505 1974 In

101 1997 279 2047 proximis
313 1996 564 2046 paragraphis
591 1996 787 2036 Sositheus
813 1996 944 2051 eflert,
981 2007 1079 2045 quae
1104 2008 1172 2046 pro
1197 1996 1369 2044 Hagniae
1395 1995 1506 2033 domo

101 2058 183 2107 ipse
209 2056 350 2105 fecerit,
378 2056 590 2105 praecipue,
617 2055 718 2105 quod
735 2067 817 2095 eam
837 2056 959 2106 perire
978 2068 1052 2096 non
1067 2056 1208 2096 siverit.
1260 2056 1338 2096 Sibi
1352 2055 1507 2105 opponit

99 2111 371 2165 Macar-tatum,
403 2116 466 2165 qui
493 2116 530 2154 in
558 2117 689 2155 matris
715 2121 865 2164 gentem
894 2117 1088 2156 transierit
1112 2117 1222 2165 eique
1249 2119 1396 2155 tantum
1418 2126 1532 2154 con-v

101 2178 202 2216 sulat
226 2180 268 2215 et
293 2176 508 2225 prospiciat.
562 2175 662 2221 Quin
687 2176 801 2214 etiam
817 2176 1043 2225 Theopompi
1071 2180 1110 2214 et
1125 2175 1331 2215 Macartati
1358 2175 1506 2214 domum

101 2240 181 2275 tam
206 2236 368 2274 alienam
395 2246 478 2273 esse
498 2246 522 2273 a
543 2246 680 2282 genere
691 2235 966 2283 Buselidarum‚
994 2240 1037 2274 ut
1058 2248 1106 2274 ne
1129 2235 1341 2284 sepulcrum
1354 2234 1505 2282 quidem

100 2306 183 2334 cum
206 2294 281 2333 illis
306 2294 550 2332 communicet
571 2293 763 2343 (73—80).
812 2293 1008 2333 Postremo
1036 2298 1165 2332 orator
1191 2292 1416 2332 Eubulidam
1438 2292 1506 2331 111.

101 2354 231 2403 filium,
256 2354 361 2393 cuius
385 2353 627 2403 adoptionem
653 2354 794 2394 iterum
815 2357 1094 2403 commemorat,
1121 2352 1358 2394 commendat
1379 2351 1510 2391 iudici-

102 2414 173 2454 bus
203 2413 392 2462 (el-84).
