1847 2955
972 177 1022 222 18

283 305 372 342 aere
396 293 520 333 alieno
543 292 662 333 libera
685 294 812 332 essent
832 299 928 331 neve
947 291 1003 331 ilii
1017 291 1111 337 alias
1127 292 1304 341 pecunias
1316 295 1468 332 mutuas
1479 289 1690 334 sumet-'ent'

285 354 426 402 Quibus
471 351 709 403 syngraphae
753 345 970 391 constitutis
1014 350 1194 401 neglectis
1236 350 1321 391 illos'
1363 351 1412 391 ab
1445 346 1685 394 adolescente

284 414 445 465 quodam
480 413 677 464 pecuniam
703 415 873 452 mutuam
902 412 1126 463 sumpsisse,
1159 412 1348 462 decepisse
1373 413 1489 462 igitur
1513 416 1621 455 etse
1644 416 1685 454 et

282 475 400 524 illum,
427 474 483 514 cui
508 486 549 513 se
574 473 668 513 nulli
691 473 897 523 quidquam
924 467 1061 512 debere
1086 472 1268 512 dixissent
1294 471 1490 522 (21-23).
1540 468 1691 522 Quibus

283 534 407 575 verbis
433 537 565 574 orator
589 537 793 584 postquam
818 532 989 587 adiunxit
1011 533 1276 583 testimonium,
1302 533 1470 574 ostendit
1495 533 1684 576 debitores

281 600 368 646 post
394 596 555 636 reditum
581 605 627 635 ex
653 594 774 634 Ponto
801 592 867 633 diu
893 597 1059 639 moratos
1085 605 1168 634 esse
1194 594 1389 644 pecuniam
1416 594 1584 636 debitam
1598 596 1685 637 sol-

284 668 383 696 vere.
432 655 600 695 Tandem
630 665 654 693 a
680 665 721 693 se
747 653 862 692 etiam
889 658 1004 702 atque
1034 653 1148 692 etiam
1173 654 1355 693 monitum
1379 649 1570 695 Lacritum
1595 667 1682 706 pro-

280 716 421 757 fessum
450 727 534 757 esse
557 715 638 755 fieri
664 726 737 755 non
761 725 894 764 posse,
919 716 963 754 ut
988 717 1187 763 argentum
1214 714 1507 765 persolveretur,
1533 727 1618 756 cum
1644 717 1683 757 in

283 778 409 816 reditu
436 778 536 815 inter
553 776 847 824 Panticapaeum
871 779 910 813 et
930 774 1182 814 Theodosiam
1206 776 1403 824 naufragio
1432 775 1532 815 facto
1552 788 1683 817 omnes

283 837 321 877 in
349 848 482 877 navem
509 835 706 887 impositae
735 846 796 875 res
823 839 866 875 ut
892 838 931 876 et
954 846 1041 876 caro
1068 835 1148 876 sale
1174 835 1324 876 condita
1350 839 1389 876 et
1415 836 1538 877 vinum
1566 833 1684 879 Coum

283 903 322 937 et
355 899 431 938 alia
469 897 681 948 periissent.
738 898 791 936 At
822 897 972 936 inanem
1009 908 1122 937 onere
1154 900 1193 936 et
1233 909 1356 937 merce
1388 898 1504 937 fuisse
1538 910 1683 939 navem.

282 958 468 1006 Exiguam
493 968 583 996 vero
607 957 752 1006 copiam
779 957 856 995 vini
876 956 941 995 Coi
969 959 1009 995 et
1034 956 1159 996 carnis
1180 956 1259 996 sale
1283 956 1455 996 conditae
1480 957 1684 1008 agricolam

282 1018 467 1068 quendam
494 1017 739 1067 Panticapaei
772 1020 959 1067 emptam,
994 1020 1037 1057 ut
1063 1017 1243 1067 operariis
1270 1018 1349 1057 suis
1380 1018 1532 1059 rusticis
1556 1019 1685 1069 ferret,

282 1089 408 1118 secum
434 1078 612 1126 gessisse.
665 1076 914 1125 Naufragium
944 1076 1104 1125 denique
1129 1077 1270 1126 ipsum,
1296 1088 1370 1126 quo
1397 1078 1504 1117 navis
1528 1088 1601 1117 non
1627 1078 1685 1117 in-

282 1139 428 1188 teriret,
459 1137 527 1177 sed
553 1136 787 1187 affligeretur
812 1135 944 1186 solum,
974 1147 1049 1176 non
1074 1136 1319 1177 Artemonem
1345 1141 1384 1177 et
1408 1137 1686 1189 Apollodorum,

281 1211 364 1238 cum
391 1199 429 1237 in
456 1198 579 1236 reditu
605 1208 651 1236 ex
670 1197 797 1236 Ponto
825 1208 921 1235 onus
947 1208 1020 1235 non
1046 1197 1314 1246 imposuissent
1334 1198 1373 1236 in
1394 1209 1543 1248 navem,
1568 1198 1684 1238 detri-

280 1261 408 1298 mento
432 1257 627 1307 affecisse,
662 1256 728 1297 sed
755 1256 997 1307 Antipatrum
1023 1255 1234 1307 quendam,
1272 1257 1333 1308 qui
1359 1258 1445 1298 navi
1472 1261 1510 1298 et
1534 1258 1686 1309 naulo¹)

280 1319 511 1369 hypothecae
546 1318 648 1357 datis
682 1317 858 1368 pecunias
898 1316 1113 1357 foeneratos
1148 1321 1260 1357 esset.
1311 1318 1418 1366 Quae
1443 1319 1566 1358 omnia
1592 1330 1682 1359 vera

280 1389 363 1418 esse
399 1382 529 1418 orator
563 1389 632 1428 per
671 1380 786 1417 testes
821 1376 989 1417 affirmat
1023 1377 1215 1427 (24—34).
1279 1378 1322 1417 In
1358 1379 1539 1428 proximis
1573 1389 1684 1430 para-

279 1439 436 1489 graphis
462 1439 612 1479 incusat
625 1439 828 1486 Lacr-itum,
854 1437 953 1488 quod
972 1437 1129 1478 Artemo
1149 1438 1268 1478 frater
1286 1439 1467 1488 reliquam
1489 1439 1683 1489 pecuniam

279 1499 315 1537 in
342 1498 467 1537 Ponto
502 1498 678 1538 nauclero
709 1498 857 1537 cuidam
884 1497 1101 1537 Phaselitae
1125 1497 1340 1538 foeneratos
1367 1503 1500 1538 contra
1525 1498 1685 1549 syngra-

278 1557 392 1609 pham
444 1558 566 1608 egerit
615 1558 817 1608 (35—38).
889 1557 1057 1606 Quorum
1109 1558 1273 1597 omniurn
1325 1562 1518 1598 auctorem
1568 1558 1684 1599 fuisse

278 1620 470 1659 Lacritum
483 1650 492 1668 ,
518 1619 696 1658 Isocratis
723 1618 955 1667 discipulum.
1003 1617 1061 1657 De
1089 1628 1163 1667 qua
1188 1619 1399 1658 eruditione
1423 1617 1681 1659 multa'verba

277 1679 369 1717 facit
399 1681 529 1717 orator
560 1678 752 1726 (39—43).
806 1677 900 1716 Tum
930 1677 1078 1717 demum
1104 1678 1329 1727 aggreditur
1355 1678 1402 1717 ad
1428 1677 1683 1729 exceptionem

277 1740 397 1788 ipsam
423 1738 677 1778 refellendam.
731 1738 852 1785 Quam
878 1736 1013 1776 falsam
1040 1748 1123 1777 esse
1150 1740 1299 1777 tantum
1326 1738 1436 1777 abest
1464 1741 1509 1777 ut
1534 1738 1682 1788 probet,

279 1803 322 1838 ut
347 1810 395 1838 ne
418 1810 534 1837 unum
556 1798 706 1848 quidem
729 1801 871 1837 certum
894 1803 1160 1846 argumentum
1176 1797 1221 1836 ‘in
1244 1808 1323 1836 eam
1337 1796 1471 1837 afferat
1489 1797 1681 1848 (44-49).

278 1860 474 1900 Postremo
507 1858 732 1908 gradatione
769 1857 932 1909 quadam
967 1858 1108 1908 utitur,
1141 1868 1227 1899 cum
1253 1861 1415 1909 exponat
1440 1858 1680 1900 Artemonem

277 1913 330 1961 et⁸
347 1920 620 1970 Apollodorum
655 1919 726 1958 sibi
760 1919 829 1968 ipsi
866 1929 1044 1967 magnum
1078 1919 1283 1968 periculum
1319 1918 1523 1959 iniecturos
1556 1919 1685 1968 fuisse,

279 1983 351 2021 nisi
386 1979 624 2031 syngraphae
655 1979 780 2018 verbis
815 1981 1021 2029 appareret
1054 1990 1129 2019 non·
1162 1990 1202 2019 se
1235 1982 1368 2019 contra
1404 1979 1523 2029 legem
1560 1979 1684 2031 egisse

279 2043 343 2082 sed
379 2042 482 2090 illos,
528 2042 665 2091 quippe
700 2041 762 2089 qui
800 2040 1080 2089 permisissent,
1123 2043 1168 2080 ut
1205 2039 1395 2092 Phaselita
1432 2040 1494 2094 ille
1524 2040 1684 2090 pecunia

279 2105 414 2141 mutua
438 2103 595 2150 accepta
609 2099 741 2139 Chium
768 2100 967 2148 navigaret
986 2102 1026 2139 et
1045 2099 1098 2139 ibi
1120 2100 1278 2150 pecunia
1293 2100 1416 2139 Attica
1433 2103 1682 2140 mercaturam

278 2163 419 2202 faceret
445 2161 646 2212 (50-54).
696 2160 899 2200 Concludit
933 2163 1065 2200 orator
1101 2161 1246 2200 orando
1280 2161 1439 2208 iudices,
1474 2164 1517 2201 ut
1540 2162 1681 2201 iustam

279 2233 386 2261 suam
416 2232 569 2261 causam
596 2220 776 2259 adiuvent
800 2220 993 2270 (55—56).

376 2281 434 2321 Ex
457 2281 516 2321 his
544 2280 668 2320 tribus
698 2279 931 2320 orationibus
958 2279 1205 2320 Demostheni
1231 2280 1465 2331 suppositam
1492 2281 1566 2321 iam
1584 2279 1683 2320 anti·

277 2351 371 2391 quos
406 2342 593 2381 iudicasse
628 2351 743 2380 unam
779 2341 815 2379 in
844 2341 987 2380 Lacriti
1021 2342 1276 2390 exceptionem
1313 2341 1479 2380 habitam
1515 2341 1684 2381 videmus

370 2493 401 2532 1)
427 2490 534 2522 ναῖλον
557 2489 739 2522 vocabatur
761 2490 884 2524 Graece
905 2500 1029 2524 merces
1051 2491 1132 2523 data
1154 2500 1213 2532 pro
1235 2490 1457 2533 navigatione.
