1822 2904
229 268 349 308 prope
375 258 559 298 infinitam
585 266 682 299 esse:
732 260 817 308 Quo
839 259 933 308 fieri,
958 261 1108 300 ut‘una
1126 271 1218 300 cum·
1234 255 1491 301 concinnitate
1510 244 1660 306 ὀωιὶἱέῃ

228 315 389 355 tollatur
415 317 552 356 modus
578 322 617 356 et
641 329 820 358 numerus
841 319 1056 359 orationis.-
1075 318 1269 387 Apodosin
1293 330 1381 359 vero
1401 320 1651 370 tripartitaoe3

227 376 336 415 nobis
371 376 674 416 molestissimam
708 377 848 427 videri3
883 378 1145 418 membrorum
1171 378 1269 417 enim
1301 379 1469 427 primum
1485 383 1639 429 (usque

227 434 277 473 ad
305 446 339 474 v.
364 436 497 484 μιαροὶ
522 428 650 482 οὗτοι)
675 436 800 485 boeve,
826 438 986 475 alterum
1011 436 1067 486 (u.
1085 447 1120 474 a.
1135 447 1170 474 V.
1190 432 1284 474 ου’τε
1298 439 1382 480 τοῖς
1396 439 1642 485 motastada*

228 493 272 532 ἐν
294 494 351 543 τῷ
376 493 633 545 δικαστηρίῳ)
659 495 754 536 satis
776 496 902 544 breve,
930 496 1080 535 tertium
1110 494 1369 543 longissimum
1392 507 1490 546 esse,
1517 496 1653 545 multo·

226 552 375 599 longius
400 562 513 600 quam
538 554 667 601 priora
693 555 859 592 membra
885 554 996 592 simul
1025 565 1108 592 cum
1133 555 1291 602 protasi.
1336 553 1497 593 Omnem
1504 555 1653 603 igiturz

228 610 519 649 concinnitatem
556 622 827 661 numerumque
859 622 927 650 nos
960 611 1125 652 iudicare
1158 617 1311 652 necesse
1343 614 1404 651 est
1428 611 1648 654 desidet-aa

228 671 294 719 ita,
321 674 364 711 ut
388 669 734 720 comprehensionis
761 671 923 712 facilitas
950 675 990 710 et
1015 670 1265 720 perspicuitas
1291 671 1444 719 penitus
1459 670 1650 720 ‘tollamn-

227 724 451 779 praesertim
477 740 558 768 cum
587 730 700 768 tertio
726 730 791 768 illo
812 730 990 778 apodosis
1011 729 1214 772 enuntiato
1233 729 1323 768 nihil
1342 730 1463 779 possit
1476 730 1636 778 eogitari

228 788 433 828 molestius.
487 811 515 817 —
559 788 671 828 Hunc
714 788 929 828 indecorum
977 787 1177 827 verborum
1222 799 1400 827 acervum
1418 815 1422 820 -
1443 793 1647 831 oratorem*
1680 812 1683 813 ν

228 847 393 887 melius
383 859 421 886 in
451 847 544 886 duos
566 848 731 886 ambitus
757 847 1050 886 distributurum
1073 846 1190 884 fuisse
1215 846 1483 889 Rohrmannus
1499 839 1653 888 censet

228 904 298 944 hoc
317 904 452 944 modo:
476 905 693 976 νοσησάσης
714 905 760 943 δὲ
784 907 853 956 τῆς
877 904 1057 955 μητρός.
1086 933 1093 942 .
1119 904 1186 942 καὶ
1211 903 1375 955 ἐχούσης
1393 906 1465 961 τάν
1484 906 1650 958 κλῆροι·,·

228 961 350 1008 ου’τως
381 963 459 1002 εἶσι
485 965 617 1013 μιαροὶ
643 979 763 1012 ουτοι,
791 962 886 1003 ὥστ’
908 962 979 1001 ὀὐκ
1003 963 1152 1001 οἴονται
1173 963 1259 1001 δεῖν
1284 960 1376 1002 ου’τε
1401 968 1482 1009 τοῖς
1506 965 1650 1014 νόμοις.

227 1025 310 1067 τοῖς
341 1021 541 1071 ὑμετέροις
574 1026 804 1062 πείθεσθαι
847 1018 940 1059 ου’τε
975 1023 1056 1065 τοῖς
1088 1024 1331 1070 γνωσθεῖσιν
1365 1023 1409 1061 ἐν
1438 1025 1496 1073 τῷ
1531 1024 1637 1062 δικα-

229 1085 389 1133 στηρίῳ,
411 1081 515 1121 α’λλᾶ
541 1080 679 1122 πάντα
704 1081 854 1133 τρόπον
871 1082 1134 1131 ἐπιχειροῦσιν
1152 1080 1382 1131 ἀφελέσθαι
1398 1082 1530 1122 πάλιν
1531 1111 1635 1123 ......
1646 1124 1648 1127 ,

229 1138 501 1193 ἐψηφίσασθε
541 1141 833 1191 συνομόσαντες
871 1144 1005 1178 τοίνυν
1041 1167 1269 1179 ......
1302 1142 1646 1189 προςεκαλέσαιτο,

228 1200 300 1250 τήν
325 1201 490 1248 γυναῖκα
516 1199 617 1255 πρὸς
640 1200 711 1239 τὸν
737 1197 911 1249 ἄρχοντα
937 1198 990 1244 εἷς
1017 1198 1270 1247 διαδικασίαν
1295 1200 1368 1236 τοῦ
1390 1199 1551 1252 κλήρου,
1586 1200 1652 1247 οἷςι
1700 1232 1703 1235 ,

227 1260 299 1296 τοῦ
320 1258 454 1307 Υνόμου
479 1259 572 1303 τούς
596 1259 866 1309 ἀμφισβητεῖν
889 1258 1149 1308 βουλομένους
1173 1257 1286 1305 παρά
1317 1259 1390 1307 τοῦ·
1414 1260 1652 1301 §acaedam—-

229 1322 378 1369 σμένον
427 1317 494 1355 καὶ
546 1318 701 1365 ἔχοντος
750 1317 822 1356 τὸν
861 1317 1002 1366 κλῆρον
1051 1315 1363 1363 προς-καλεῖσθαι
1402 1317 1649 1363 κελεύοντος,

229 1375 383 1422 Qualem
411 1374 605 1424 periodum
634 1376 902 1420 tractavimuS‚
941 1374 1038 1413 tales
1063 1377 1214 1412 exstare
1242 1373 1279 1411 in
1311 1375 1544 1417 orationibus
1568 1387 1636 1425 pro
1684 1382 1688 1383 ’

229 1434 458 1482 Apollodoro
494 1433 667 1482 scriptis,
705 1445 804 1482 quae
830 1432 1073 1472 Demostheni
1113 1431 1208 1471 falso
1249 1431 1419 1471 tributae
1436 1438 1559 1486 sunt,
1598 1438 1649 1476 et>

229 1494 272 1531 A.
298 1491 522 1531 Schaeferus
548 1491 570 1528 1.
597 1502 627 1529 c.
654 1503 691 1540 p.
717 1493 785 1530 189
812 1501 894 1540 sqq.
921 1494 960 1528 et
977 1489 1218 1537 Lortzingius
1234 1489 1265 1537 ¹)
1293 1490 1329 1527 in
1357 1490 1636 1541 dissertatione,

228 1550 573 1599 quaeinscribitur
600 1551 670 1591 »de
696 1550 943 1599 orationibus,
969 1560 1064 1599 quas
1093 1548 1366 1593 Demosthenes
1393 1561 1466 1599 pro
1487 1550 1651 1600 Apollo-¹

228 1609 322 1647 doro
368 1609 565 1657 scripsisse
608 1609 753 1649 fertur«
796 1622 831 1659 p.
874 1613 919 1647 36
959 1619 1040 1657 sqq.
1080 1609 1348 1656 probaverunt.
1414 1609 1526 1649 Tales
1562 1620 1649 1654 non,

227 1670 380 1712 exstant
414 1667 450 1706 in
485 1667 659 1715 genuinis
696 1667 962 1708 Demosthenis
996 1665 1243 1706 orationibus,
1294 1664 1337 1705 In
1368 1666 1505 1712 XL111.
1542 1667 1636 1714 alias

227 1724 368 1765 multas
402 1725 579 1775 periodos
611 1726 818 1765 invenimus
848 1725 1046 1764 deformes.
1100 1725 1241 1764 Orator
1278 1724 1376 1763 enim
1413 1732 1503 1772 cum,
1522 1736 1637 1774 saepe

228 1783 486 1833 conglomerat
519 1784 719 1834 participia
760 1795 873 1836 quam
906 1783 1067 1833 plurima
1102 1787 1180 1823 tum
1213 1783 1266 1822 eis
1299 1783 1437 1833 utitur,
1478 1787 1635 1828 uticum

226 1842 416 1891 prioribus
436 1843 608 1891 proxima
632 1844 754 1883 artius
775 1844 984 1890 coniungat
1010 1864 1057 1870 —-
1083 1843 1213 1891 inepta
1238 1842 1458 1891 plerumque
1477 1843 1636 1883 ratione.

226 1900 323 1939 Nam
350 1903 508 1950 propter
541 1901 729 1941 inscitiam
754 1901 931 1951 periodos
955 1900 1147 1948 longiores
1174 1900 1349 1939 concinne
1377 1900 1638 1942 conformandi

226 1958 394 2007 beneque
430 1960 651 1998 transeundi
693 1961 830 2009 prioris
870 1959 1083 2005 sententiae
1125 1959 1279 2009 verbum
1322 1970 1388 1997 seu
1433 1960 1533 2010 idem
1569 1971 1636 2003 seu

224 2015 395 2055 eiusdem
431 2016 596 2055 notionis
633 2019 773 2066 repetit
809 2019 881 2066 ita,
926 2021 970 2057 ut
1002 2017 1198 2066 participio
1237 2017 1363 2065 posito
1406 2017 1502 2056 hanc
1548 2028 1651 2064 euru¹

225 2074 399 2124 proxima
428 2076 619 2114 sententia
646 2076 932 2125 complectatur.
967 2075 1073 2123 Quae
1092 2075 1377 2124 comprehensio
1397 2075 1428 2114 si
1442 2075 1633 2123 interdum

224 2132 288 2180 fit,
326 2143 412 2172 eam
451 2144 524 2172 non
563 2135 757 2184 vituper03
793 2136 987 2185 vitupero,
1023 2134 1123 2183 quod
1156 2145 1201 2173 ea
1227 2138 1409 2183 usurpata
1437 2138 1496 2174 est
1522 2135 1635 2174 nimis

225 2203 352 2241 saepe.
400 2192 597 2231 Eiusmodi
634 2195 892 2242 participiales
928 2193 1230 2239 constructiones
1269 2193 1448 2239 legimus:
1487 2192 1635 2238 XLnI„

229 2254 293 2289 10:
320 2253 349 2300 (.
377 2280 386 2289 .
415 2282 423 2290 .
450 2251 596 2297 αὐτούς
618 2255 693 2302 μὲν
717 2253 870 2299 ἑαυτοῖς
887 2254 1226 2302 συναγωνίζεσθαι
1251 2280 1260 2294 .
1289 2281 1297 2290 .
1325 2253 1355 2299 .)
1385 2251 1473 2290 »καὶ
1490 2253 1634 2289 τοῦτον

224 2311 296 2348 τὸν
329 2311 481 2360 τρόπον
518 2312 1001 2360 ἐπιβουλευσάντων
1047 2312 1113 2349 καὶ
1157 2313 1635 2359 συναγωνιζομένων

311 2432 345 2473 1)
367 2431 513 2465 Berolini
534 2433 624 2464 1863.
