1822 2904
783 184 827 221 61

111 288 188 329 tiae
214 287 508 337 interrogativae
533 300 616 328 cum
642 289 829 337 particula
855 291 941 334 πῶς
966 289 1118 340 XXXV,
1132 294 1191 331 42.
1208 295 1266 331 54.
1296 291 1433 341 XLIII,
1448 294 1506 332 78.

110 349 277 394 XLVIII,
301 352 346 386 55
383 348 448 398 (cf.
482 349 532 386 ad
570 359 624 386 ex.
661 347 778 395 LVII,
798 348 886 397 44),
929 353 973 387 ut
1006 350 1242 398 ἀγανακτεῖν
1272 352 1427 399 XXXV,
1450 355 1508 399 31,

107 407 278 456 XLVIII,
295 408 344 446 28
369 406 436 457 (cf.
462 408 577 446 Isocr.
602 410 638 456 4,
665 407 747 456 122,
775 406 881 446 Dem.
904 407 1006 457 VIII,
1021 412 1080 448 54.
1106 410 1201 458 LIV,
1216 410 1299 459 15),
1333 410 1509 459 ἐνοχλεῖν

108 463 334 514 xxxmae
360 467 569 514 XL111‚20.
596 466 821 514 XLV111,7.
849 470 892 505 19
918 467 979 515 (cf.
1006 468 1111 506 Dem.
1137 470 1325 517 XV111,4.
1353 470 1454 517 xxi,
1471 474 1508 508 4.

108 526 241 573 XXIII,
253 527 304 574 4),
330 528 372 564 ut
384 525 538 575 XXXV,
548 526 607 564 25.
623 524 805 573 XLVIII,
816 528 866 564 44
889 522 981 564 οὔτε
1006 532 1104 576 μέγα
1129 524 1221 565 οὔτε
1244 528 1392 577 μικρόν,
1418 527 1509 567 οὔτε

107 586 249 635 μικροὶι·
279 582 371 623 οὔτε
400 584 574 635 μεγάλην
606 585 670 634 (cf.
699 584 806 624 Dem.
831 585 892 633 IX,
916 589 949 624 5.
973 586 1076 633 XIX,
1101 590 1155 626 17.
1182 587 1285 636 XXI,
1309 588 1434 635 25)¹')‚
1468 592 1510 627 ut

109 646 171 684 alii
206 644 296 692 Ioci,
331 644 567 692 denuoi-um
597 644 788 683 nonnullis
816 645 890 684 iam
916 648 1030 685 antea
1055 645 1142 685 dixi.
1194 646 1306 686 Tales
1339 647 1509 686 similitu-

110 705 213 744 dines
239 703 415 744 fortuitas
443 715 526 744 esse
551 707 720 744 statuere
746 715 899 745 necesse
923 710 992 746 est.

207 774 403 813 Permulta
429 785 561 823 porro,
588 786 686 825 quae
713 775 845 815 Uhlius
871 787 1011 825 magna
1038 787 1119 815 cum
1148 777 1344 826 diligentia
1369 778 1407 816 in
1435 777 1510 816 dis-

109 835 315 875 sertatione
342 846 410 875 sua
437 836 577 885 attulit,
604 839 670 875 aut
695 836 766 876 huc
793 847 867 875 non
895 836 1097 884 pertinent,
1124 837 1213 885 quia
1239 836 1300 875 ille
1317 837 1508 876 orationes

108 891 280 941 XXXV.,
315 895 471 941 XLIII,
506 895 667 935 XLVIII.
706 906 781 934 non
815 896 986 943 genuinis
1020 896 1176 934 confert.
1242 896 1508 935 Demosthenis

110 954 362 1003 orationibus,
399 954 465 993 sed
500 965 568 1004 pro
595 954 822 1004 Apollodoro
855 954 1029 1004 scriptis,
1065 966 1162 1004 quae
1188 956 1269 994 sine
1294 955 1406 995 dubio
1433 967 1507 995 non

109 1017 197 1052 sunt
223 1013 508 1062 Demosthenis,
542 1017 586 1053 ut
625 1018 664 1053 et
696 1026 761 1061 ea,
799 1024 895 1062 quae
923 1015 972 1053 de
1000 1014 1187 1061 formulis,
1224 1016 1360 1064 quibus
1386 1016 1509 1055 scriba

109 1074 359 1112 instrumenta
397 1074 559 1112 recitare
602 1073 801 1120 iubeatur,
838 1074 1025 1122 exponit2)
1059 1079 1098 1112 et
1130 1074 1222 1123 alia,
1268 1079 1333 1113 aut
1367 1075 1508 1114 minimi

109 1137 199 1171 sunt
235 1133 432 1182 momenti,
468 1136 511 1171 ut
542 1137 581 1171 et
614 1144 678 1180 ea,
713 1142 811 1181 quae
844 1132 890 1172 de
924 1133 1082 1172 articulo
1110 1134 1320 1174 nominibus
1345 1136 1507 1184 propriis

108 1192 253 1231 adiecto
294 1192 437 1241 dicit8),
483 1195 534 1230 ut>
561 1203 626 1240 ea,
671 1201 770 1240 quae
806 1191 853 1230 de
886 1193 1169 1240 pronominibus
1203 1193 1508 1234 demonstrativis

109 1245 221 1296 οὗτος
243 1252 378 1291 οὑτοσὶ
405 1252 604 1300 dissei-ist),
658 1251 754 1290 Nam
778 1261 1003 1300 quamquam
1025 1252 1116 1291 dicit
1136 1263 1319 1301 apparere
1337 1253 1374 1292 in
1389 1254 1509 1293 tribus

107 1312 296 1361 prioribus
323 1312 559 1351 orationibus
585 1311 767 1360 (XXXV.,
792 1311 941 1359 XLIII„
966 1311 1152 1359 XLVIII.)
1179 1313 1396 1361 saepissime
1421 1312 1510 1351 addi

108 1371 320 1411 nominibus
366 1371 667 1411 adversariorum
705 1369 842 1410 οὐτοσὶ
890 1381 1120 1419 pronomen,
1166 1375 1377 1411 ceterarum
1422 1382 1510 1411 vero

108 1436 300 1471 auctorem
333 1442 513 1480 spernere
548 1434 588 1470 et
613 1430 748 1469 οὑτοσὶ
775 1434 815 1468 et
839 1423 973 1479 οὗτος,
1009 1434 1136 1469 tamen
1159 1431 1224 1479 qui
1249 1431 1430 1470 scriberet
1455 1442 1510 1470 or.

108 1491 217 1539 mx„
242 1502 328 1530 eum
353 1491 492 1540 septies
517 1494 558 1530 et
582 1490 693 1530 vicies
713 1489 909 1529 addidisse
931 1490 1070 1529 nomini
1083 1489 1291 1529 adversarii
1304 1500 1508 1538 pronomen

108 1555 175 1590 aut
203 1551 338 1589 οὐτοσὶ
363 1555 430 1590 aut
455 1543 568 1594 οὗτος
593 1553 763 1597 apparet.
788 1570 834 1577 -
860 1549 943 1587 Hoc
961 1560 1073 1587 unum
1094 1560 1344 1588 commemoro
1359 1548 1509 1588 Uhlium

108 1609 320 1650 ostendisse
354 1610 391 1648 in
429 1621 483 1648 or.
513 1608 668 1648 XXXV.
710 1613 750 1647 et
791 1608 909 1650 semel
955 1611 1101 1647 tantum
1136 1607 1175 1657 (ξ
1204 1608 1269 1657 30)
1308 1618 1510 1657 pronomen

109 1670 285 1709 omissum
310 1680 393 1708 esse
416 1670 469 1717 (in
490 1669 625 1710 XLIII.
639 1667 848 1715 duodecies,
875 1668 913 1705 in
927 1667 1091 1706 XLVHI.
1110 1667 1304 1714 undecies)
1332 1671 1373 1706 et
1395 1666 1510 1705 semel

110 1732 259 1769 tantum
292 1728 459 1778 positum
494 1739 578 1768 esse
607 1720 719 1772 οὗτος
752 1726 834 1766 loco
865 1726 1004 1765 οὑτοσί
1035 1727 1088 1775 (in
1119 1726 1251 1765 XLIII.
1280 1729 1433 1774 quater,
1473 1726 1510 1763 in

110 1788 274 1830 XLVIII.
299 1788 454 1838 novies).

210 1858 285 1897 Sed
318 1859 412 1896 satis
438 1857 484 1896 de
510 1856 637 1896 Uhliol
689 1856 891 1895 Veniamus
915 1856 965 1895 ad
993 1856 1089 1894 alia!
1140 1854 1401 1893 Demosthenis
1427 1864 1511 1903 pro·

110 1919 231 1967 prium
246 1921 305 1956 est
323 1927 434 1966 saepe
453 1916 677 1955 infinitivum
692 1927 833 1965 ponere
851 1927 937 1956 cum
958 1916 1115 1955 articulo
1130 1919 1172 1954 ut
1185 1914 1510 1963 substantivum5).

112 1977 264 2017 Talibus
295 1976 490 2015 infinitivis
523 1975 631 2014 initio
664 1986 753 2014 raro
787 1986 878 2015 usus
903 1979 964 2015 est
995 1974 1110 2014 semel
1135 1974 1173 2012 in
1199 1973 1348 2012 XXVII.
1375 1973 1411 2022 (ς
1436 1973 1510 2021 28),

109 2037 224 2076 semel
248 2037 288 2076 in
313 2035 477 2076 XXVIII.
505 2035 544 2085 (5
568 2037 626 2084 6),
651 2035 725 2074 iam
752 2046 842 2074 vero
868 2036 907 2074 in
934 2035 1055 2074 XXX.
1081 2034 1291 2082 duodecies,
1315 2033 1351 2071 in
1377 2032 1510 2071 XXXI.

194 2158 226 2199 1)
247 2156 294 2191 Cf.
316 2154 561 2189 Rehdantzium
584 2154 606 2187 I.
627 2164 656 2188 e.
680 2165 712 2196 p.
733 2155 805 2188 255.

193 2209 227 2251 2)
248 2209 270 2242 l.
293 2218 321 2242 c.
343 2219 376 2250 p.
400 2207 459 2241 107
482 2216 554 2248 sqq.
579 2224 618 2230 -
643 2205 689 2239 cf.
711 2205 815 2238 etiam
838 2216 871 2248 p.
896 2206 936 2239 85
958 2206 1124 2248 (praepos.
1148 2205 1238 2247 apud
1261 2203 1373 2244 infin.).

192 2261 226 2303 3)
247 2261 270 2293 1.
293 2271 319 2294 c.
343 2271 374 2302 p.
397 2258 529 2292 ''15—82.
561 2276 602 2282 -
630 2258 703 2300 Ipse
723 2258 917 2291 confitetur:
952 2257 1021 2290 »Ex
1042 2257 1106 2290 hac
1127 2256 1244 2289 tabula
1266 2254 1393 2287 nullum
1418 2252 1512 2285 nobis

110 2311 228 2345 licebit
249 2322 367 2354 capere
387 2311 564 2344 fructum«.

194 2365 228 2406 4)
251 2364 272 2397 l.
291 2360 320 2397 o.
342 2374 373 2405 p.
396 2362 529 2396 82-84.
550 2380 586 2385 —
611 2361 659 2394 Cf.
681 2371 782 2404 supra
804 2372 836 2404 p.
859 2362 888 2395 6.

194 2416 229 2457 5)
252 2415 300 2450 cf.
323 2414 476 2457 Siggium
501 2413 525 2447 1.
546 2423 574 2446 c.
597 2424 628 2455 p.
653 2413 724 2446 429.
757 2431 797 2438 --
828 2414 875 2446 Of.
905 2413 948 2446 ad
980 2422 1027 2446 or.
1055 2410 1186 2444 XXXV.
1219 2409 1333 2442 XLIII.
1365 2407 1512 2441 XLVIII.

112 2465 211 2498 etiam
237 2466 372 2499 Uhlium
394 2466 415 2498 I.
435 2475 461 2497 ο.
484 2475 515 2505 p.
540 2464 590 2496 84.
