1822 2904
937 172 986 210 56

357 274 403 313 In
429 274 521 322 hae,
550 285 664 324 quam
690 275 929 324 exposuimus
942 306 952 325 ‚
980 275 1215 315 verbositate
1240 275 1298 314 vel
1324 274 1553 325 loquacitate
1577 279 1662 314 cum

258 334 497 374 Macartatea
522 335 694 374 oratione
720 334 833 384 plane
858 335 1049 384 congruit,
1075 345 1172 384 quae
1196 337 1257 373 est
1282 334 1320 373 in
1345 332 1664 383 olympiodorum.

257 395 302 434 In
335 397 496 443 utraque
530 395 628 434 enim
662 398 795 434 orator
830 395 972 434 eisdem
1003 394 1128 434 verbis
1157 393 1347 443 promittit
1372 404 1413 432 se
1438 403 1552 442 quam
1578 390 1664 433 bre-

258 454 408 493 vissime
439 454 630 493 dicturum
660 465 761 494 esse:
797 454 837 493 in
862 454 1001 505 illius¹)
1029 454 1052 504 g
1078 455 1123 493 21
1138 485 1148 503 ,
1179 453 1219 493 in
1243 452 1358 492 huius
1384 451 1406 502 ἓ
1430 456 1473 491 5:
1509 453 1594 491 ἔστι
1618 450 1665 489 δὲ

256 512 407 561 βραχύς
431 513 454 550 ὁ
477 511 600 561 λόγος.

358 572 402 611 In
440 575 602 621 utraque
636 583 727 611 vero
772 572 1031 622 longissimam
1073 571 1284 612 invenimus
1329 570 1586 610 narrationem
1624 571 1665 608 et

258 631 497 671 simillimam.
547 631 719 670 XLVIII.
746 634 780 670 5.
808 625 881 683 »ἦν
905 633 1001 682 γάρ,
1028 625 1059 670 ὦ
1078 629 1121 671 ἄ.
1147 631 1204 679 6.,
1230 628 1369 668 Κόνων
1392 628 1578 677 Ἅλαιεϋς,
1613 626 1665 666 οἶ-

257 693 359 735 κεῖος
394 690 590 741 ἡμέτερος.
651 683 765 735 οὗτος
804 691 826 729 ὁ
865 691 1006 730 Κόνων
1044 689 1310 740 ἐτελεύτησεν.
1376 686 1500 733 ἄπαις
1535 688 1665 738 ὀλίγον

257 749 401 799 χρόνον
426 749 537 788 πάνυ
562 749 842 800 α’ῤῥωστήσας,
871 751 966 800 ἐβίω
992 751 1039 789 δὲ
1064 750 1193 789 πολλοὶ
1219 751 1299 799 ἔτη,
1325 749 1391 787 καὶ
1415 742 1467 800 ἦν
1491 746 1665 798 πρεσβύ-

256 824 380 859 τερος,
413 808 470 848 ὅτ’
498 809 696 848 ἐτελεύτα.
746 810 812 848 καὶ
839 810 915 859 ἐγώ
939 810 1080 860 ἐπειδὴ
1104 808 1305 861 ᾐσθόμην,
1332 807 1393 847 ὅτι
1418 808 1489 856 οὐχ
1515 801 1598 852 οἷός
1620 821 1664 846 τε

257 870 371 908 ἔσται
395 871 679 918 περιγενέσθαι
701 880 782 918 sqq.
811 899 820 908 .
849 898 858 907 .
886 886 918 908 .«

355 928 414 967 Ex
441 929 580 967 ceteris
607 928 850 968 verbositatis
877 929 1055 978 exemplis
1082 928 1202 967 affero
1228 931 1269 966 et
1292 926 1315 977 ἕ
1342 930 1466 966 9-10
1491 929 1531 966 et
1557 925 1580 975 5
1604 928 1663 964 53.

259 987 423 1027 Easdem
459 987 795 1027 animadvertimus
832 989 869 1027 in
902 988 973 1028 hac
999 989 1170 1028 oratione
1198 987 1440 1036 repetitiones
1466 986 1598 1025 statim
1625 985 1662 1024 in

255 1047 377 1095 prima
409 1047 670 1096 paragrapho:
718 1047 935 1096 α’ναγκαῖον
965 1069 1013 1075 -
1039 1048 1255 1086 ἀδικῶνται
1280 1068 1327 1074 -
1353 1046 1588 1085 ἀδικεῖσθαι
1617 1066 1662 1072 -

255 1105 508 1157 ἠνάγκασμαι
541 1127 588 1135 -
621 1107 856 1146 ἀδικεῖσθαι
892 1111 932 1147 et
968 1107 1007 1147 in
1041 1106 1309 1157 paragraphis:
1359 1109 1415 1146 15.
1458 1105 1583 1145 ἔλαθε
1616 1126 1664 1133 -

256 1165 479 1213 ἐλάνθανε,
518 1168 680 1204 23-24.
716 1167 782 1204 καὶ
811 1167 893 1206 ἔδει
919 1168 1184 1216 ἀγωνίζεσθαι
1206 1187 1254 1194 -
1280 1165 1555 1214 α’παράσκευοι
1579 1195 1586 1203 .
1616 1195 1625 1204 .
1655 1196 1663 1203 .

254 1225 356 1274 πρὸς
383 1225 429 1263 τό
455 1225 721 1274 ἀγωνίζεσθαι
734 1246 780 1254 ·-
796 1226 840 1265 εἴ
845 1241 929 1271 πως
939 1225 1117 1278 α’ναβολή
1138 1240 1213 1272 τις.
1225 1256 1234 1265 .
1249 1223 1665 1275 ,παρασκευάσασθαι

253 1285 353 1333 πρὸς
389 1285 463 1324 τόν
504 1285 639 1334 α’γῶνα
676 1308 716 1314 -
754 1286 1049 1335 στρατεύεσθαι
1085 1309 1130 1315 -
1166 1285 1479 1336 στρατευόμενος
1513 1306 1560 1313 -
1596 1285 1662 1323 καὶ

254 1343 512 1395 συνεβεβήκει
539 1374 547 1383 .
575 1374 585 1383 .
610 1375 618 1383 .
647 1345 826 1395 α’ναβολή
851 1366 898 1373 -
923 1350 1238 1396 στρατευομένου
1258 1375 1267 1383 .
1285 1375 1293 1384 .
1318 1374 1340 1393 .,
1367 1346 1528 1383 28-30.
1554 1345 1663 1394 ε’βου-

252 1402 462 1453 λευόμεθα
488 1425 535 1431 -
562 1404 628 1443 καὶ
653 1404 782 1444 ἐδόκει
806 1405 901 1456 ἡμῖν
924 1406 1218 1456 βουλευομένοις
1248 1429 1285 1434 -
1316 1405 1456 1456 ἐπειδή
1480 1405 1526 1443 δὲ
1552 1407 1663 1443 ταῦτ’

258 1463 592 1512 ἐβουλευσάμεθα
625 1465 691 1502 καὶ
725 1465 855 1503 ἐδόκει
880 1486 947 1512 -,
985 1466 1145 1505 30-31.
1180 1466 1253 1503 τόν
1280 1464 1414 1513 νόμον,
1448 1464 1542 1502 καθ’
1569 1463 1615 1501 ὃν
1641 1463 1664 1514 ἡ

253 1520 485 1571 πρόςκλησις
520 1522 674 1571 ἐγένετο
709 1545 756 1552 --
793 1524 896 1562 κατά
929 1525 1001 1564 τόν
1041 1524 1166 1575 νόμον
1197 1526 1338 1563 τοῦτον
1373 1523 1398 1574 ἦ
1431 1523 1663 1574 πρόςκλησις

251 1583 423 1630 ἐγένετο,
461 1585 519 1622 32.
544 1585 673 1621 ταῦτα
699 1584 750 1634 δή
777 1582 898 1621 πάντ’
925 1585 1025 1632 ἔχων
1054 1606 1085 1612 -
1124 1585 1209 1623 ἀλλ’
1235 1586 1315 1632 ἔχει
1338 1583 1459 1627 αὐτός
1485 1581 1663 1630 ἅπαντα,

253 1642 375 1685 36139.
419 1640 643 1690 προφάσεις
674 1663 721 1669 -
757 1642 947 1686 ὑπονοίας
979 1653 1082 1692 sqq.,
1131 1646 1189 1682 40.
1224 1641 1377 1682 εἰδόσιν
1411 1642 1579 1691 α’κριβῶς
1613 1664 1662 1670 -

251 1699 420 1749 ἀκριβῶς
452 1700 526 1749 γάρ
560 1699 662 1752 ἤδει,
697 1704 882 1751 45,46,47,
913 1705 1038 1752 52,53,
1072 1707 1180 1751 54,55
1208 1717 1275 1749 -ς
1313 1705 1512 1751 praeterea
1538 1702 1577 1741 in
1604 1701 1663 1742 his

250 1759 523 1808 paragraphis:
550 1760 608 1800 21.
627 1763 685 1799 50.
710 1763 923 1811 συγχωρεῖν
940 1762 1006 1800 καὶ
1028 1761 1296 1812 συνεχώρησα,
1326 1765 1382 1801 19.
1402 1764 1461 1800 32.
1477 1763 1537 1801 38.
1558 1762 1662 1800 κατά

250 1819 342 1864 τούς
375 1817 511 1868 ὅρκους
543 1820 609 1858 καὶ
647 1821 719 1865 τοὶς
754 1820 961 1873 συνθήκας
999 1851 1007 1860 .
1042 1852 1052 1862 .
1087 1852 1096 1861 .
1133 1823 1225 1872 περὶ
1258 1824 1329 1860 τοῦ
1364 1820 1579 1872 ἰσομοιρεῖν
1613 1844 1659 1850 -
1729 1848 1734 1850 -

248 1879 462 1928 ὀμωμοκώς
487 1880 553 1917 καὶ
580 1879 788 1931 συνθήκας
814 1880 914 1929 πρός
937 1895 988 1930 με
1013 1882 1283 1931 ποιησάμενος
1310 1876 1336 1932 ἧ
1361 1882 1440 1932 μὴν
1466 1881 1662 1933 ἰσομοιρή-

249 1950 333 1976 σειν
350 1960 395 1965 —-
410 1937 629 1987 ὀμωμοκώς
655 1939 922 1990 ἰσομοιρήσειν
946 1955 980 1978 κ.
1006 1942 1086 1979 τῶν
1114 1944 1327 1993 συνθηκῶν
1345 1971 1354 1981 .
1377 1971 1409 1989 .,
1440 1945 1495 1989 11,
1519 1943 1573 1989 12,
1604 1944 1659 1989 17,

252 2000 313 2046 92,
341 2000 401 2046 38,
426 2001 473 2037 46
488 1999 592 2047 (bis),
618 2003 665 2037 47
681 1999 793 2048 (bis),
820 2001 891 2037 48:
920 1999 1244 2052 »Ἀπ’δροκλείδης,
1271 2004 1366 2051 παρ’
1388 1994 1422 2051 ᾧ
1441 2003 1592 2039 κεῖνται
1617 2001 1662 2039 αἱ

255 2058 473 2106 συνθῆκαιιε
503 2058 560 2096 vel
588 2058 770 2097 similiter.
797 2079 845 2085 -
874 2057 929 2097 Ut
953 2059 991 2097 in
1013 2059 1149 2099 XLIII.
1175 2061 1231 2100 ita
1259 2061 1295 2099 in
1320 2060 1492 2100 XLVIII.
1517 2061 1659 2110 saepis-

250 2118 342 2155 sime
377 2117 549 2157 videmus
586 2122 813 2167 usurpatum
847 2129 1051 2167 pronomen
1078 2112 1193 2165 οὗτος
1219 2121 1277 2159 vel
1304 2120 1439 2160 οὑτοσὶ
1468 2129 1508 2160 et
1534 2121 1659 2171 Olym-

249 2177 394 2224 piodori
430 2188 566 2216 nomen
602 2178 781 2226 positum.
843 2179 1017 2226 Legimus
1053 2181 1152 2218 enim
1188 2179 1324 2219 οὑτοσὶ
1349 2179 1660 2230 Ὀλυμπιόδωρος

244 2236 282 2274 in
309 2235 382 2286 §§:
418 2240 439 2274 5
468 2237 579 2286 (bis),
607 2239 641 2286 6,
672 2240 729 2286 14,
759 2241 815 2286 17,
841 2239 899 2287 20,
928 2239 974 2275 22
1001 2238 1117 2288 (bis),
1146 2242 1205 2288 23,
1234 2242 1293 2290 24,
1319 2244 1365 2280 25
1389 2240 1497 2289 (bis),
1525 2242 1584 2290 26,
1610 2243 1658 2281 28

335 2395 365 2434 1)
389 2394 437 2427 Cf.
459 2394 562 2427 etiam
586 2394 702 2433 XLIII,
726 2394 766 2427 18
788 2395 841 2427 διιὶ
862 2396 1082 2439 βραχυτάτων,
1105 2397 1145 2430 73
1168 2398 1223 2430 aaa·
1244 2401 1395 2443 βραχέων.
1443 2399 1533 2440 Quae
1555 2400 1657 2434 verba

251 2448 396 2487 utroque
419 2446 491 2480 loco
511 2448 662 2488 sequitur
686 2447 834 2481 narratio
856 2447 959 2490 longa
976 2449 1011 2481 et
1031 2449 1184 2484 molesta.
