1822 2904
808 180 887 236 49'

231 307 327 352 Quin
355 306 468 344 etiam
495 305 532 343 in
560 315 602 342 eo
630 307 796 355 utraque
821 306 942 344 oratio
967 306 1162 354 consentit,
1189 306 1290 355 quod
1316 310 1454 356 orator,
1483 312 1527 348 ut

134 367 354 419 repetitione
389 365 678 413 complexionem
713 365 900 414 quandam
938 365 1096 415 efficiat,
1132 366 1240 405 nimis
1272 378 1384 417 saepe
1410 369 1528 417 parti-

134 429 237 476 cipiis
257 429 396 470 utitur3
425 425 531 462 cuius
558 425 806 471 participialis
834 436 924 462 usus
951 426 1070 462 muita
1098 428 1265 473 exempla
1289 427 1423 465 afferre
1446 439 1531 475 pos-

134 498 237 534 sum,
272 496 323 522 ex-
343 483 479 532 quibus
505 482 683 520 nonnulla.
710 494 879 531 appono:
926 482 947 532 ἓ
977 484 1023 521 10
1050 483 1321 533 »ὑπενοοῦμεν
1345 486 1419 534 γάρ
1448 516 1457 525 .
1485 516 1493 525 .
1523 517 1532 525 .

133 548 260 585 ταῦτα
285 545 336 594 δή
361 542 498 581 πάντα
523 542 807 592 προνοούμενοι
834 574 842 582 .
872 574 879 581 .
908 557 954 591 .‹,
980 542 1002 592 5
1035 546 1076 580 13
1106 544 1266 583 »διελών
1292 545 1327 582 δ’
1341 546 1413 594 ἐγώ
1433 576 1442 585 .
1466 577 1475 585 .
1497 562 1528 585 .«

134 606 177 655 (ἓ
206 608 250 642 12
278 603 422 641 διεῖλον
449 602 557 650 ἐγώ),
594 601 616 650 ἓ
643 605 688 639 32
728 603 929 652 »ἐνίκησεν
961 596 1074 647 οὗτος
1107 604 1260 654 ῥᾳδίως·
1298 604 1457 655 νικήσας
1489 607 1534 643 δὲ

136 697 145 705 .
174 696 182 705 .
213 678 274 712 .‹;
309 662 510 711 praecipue
540 660 561 709 ἓ
589 663 636 700 25
662 673 761 711 sqq.:
798 663 962 712 »ἐπειδή
990 663 1025 700 δ’
1047 662 1176 702 ἐκάλει
1203 664 1227 701 o‘
1251 661 1383 713 ἅρχων
1411 665 1464 709 εἰς
1489 667 1537 704 τδ

136 722 385 772 δικαστήριον
430 720 614 764 ἅπαντας
656 722 747 765 τούς
782 722 1131 771 ἀμφισβητοῦντας
1161 724 1265 760 aava*
1296 724 1368 760 τὸν
1403 724 1537 772 νόμον,

135 778 531 829 ὑπωμοσάμεθα
556 779 667 829 ἡμεῖς
703 781 857 818 τουτονὶ
886 780 1201 830 Ὀλυμπιόδωρον
1226 782 1399 832 δημοσίᾳ
1423 783 1538 821 dne?-

136 857 199 880 ναι
220 839 545 890 στρατευόμενον.
585 840 945 889 ὑπομοθέντος
966 840 1012 878 δὲ
1030 840 1170 878 τούτου
1185 841 1538 891 ἀνθυπωμόσαντο

137 902 174 940 οἱ
215 900 409 938 ἀντίδικοι
449 899 514 936 καὶ
558 898 836 948 διαβάλλοντες
871 900 918 939 Ὀ.
951 914 985 938 τ.
1023 898 1179 950 ὕστεροι
1212 900 1324 951 ἡμῶν
1367 901 1540 950 λέγοντες

138 963 303 999 ἔπεισαν
328 959 420 1003 τούς
445 959 634 1003 δικαστοὶς
659 962 1008 1012 ψηφίσασθαι
1033 961 1100 1009 τῆς
1128 960 1236 1009 δίκης
1257 961 1353 998 ἕνεκ’
1376 961 1541 999 α’πεΐναι

136 1020 288 1058 τουτονὶ
323 1019 388 1056 καὶ
426 1017 473 1055 οὐ
509 1018 693 1068 δημοσίᾳ.
753 1024 1132 1072 ψηφισαμένων
1158 1020 1203 1056 δὲ
1228 1022 1356 1057 ταῦτα
1379 1022 1459 1058 τῶν
1484 1020 1539 1067 δι-

138 1080 296 1118 καστῶν
330 1079 606 1130 διέγραψεν
640 1077 661 1114 ὁ
696 1075 831 1126 ἅρχων
855 1082 907 1116 Π.
931 1093 964 1115 κ.
990 1092 1025 1116 τ.
1051 1092 1084 1115 ν.
1112 1079 1185 1127 τήν
1209 1080 1365 1116 τουτουὶ
1388 1080 1438 1118 Ὀ.
1466 1080 1539 1128 ἄμ·

140 1136 391 1187 φισβήτησιν.
442 1141 726 1184 γενομένων
751 1136 798 1173 δὲ
823 1135 975 1173 τούτων
1006 1137 1324 1175 ἐπεδίκασεν
1350 1166 1358 1175 .
1387 1167 1395 1175 .
1419 1165 1428 1174 .
1451 1167 1460 1174 .
1488 1167 1496 1175 .
1526 1165 1535 1174 .

140 1196 280 1246 ἐπειδή
303 1196 349 1233 δὲ
377 1195 759 1234 ἐπεδικάσαντο
786 1224 971 1235 ......
979 1209 997 1230 α

239 1266 488 1304 Paratacticis
514 1266 675 1315 denique
701 1266 902 1304 structuris
929 1265 1022 1304 haec
1047 1267 1167 1303 oratio
1193 1276 1266 1303 non
1292 1265 1414 1303 minus
1429 1264 1540 1312 plena

139 1329 198 1364 est
232 1337 345 1374 quam
383 1325 458 1363 illa.
512 1325 630 1362 Nimis
668 1335 780 1373 saepe
813 1325 909 1363 enim
944 1324 1069 1373 posita
1102 1327 1161 1363 est
1192 1324 1380 1373 particula
1404 1324 1469 1362 καὶ
1496 1335 1539 1362 eo

139 1397 262 1431 sensu,
290 1396 400 1435 quem
428 1396 539 1433 supra
571 1385 856 1432 explicavimus,
875 1385 920 1422 -in
947 1384 1012 1434 §§:
1040 1387 1061 1422 5
1089 1384 1202 1433 (ter),
1229 1387 1262 1433 6,
1294 1387 1326 1432 7,
1353 1387 1388 1432 8,
1415 1387 1450 1432 9,
1483 1387 1538 1431 11,

141 1449 199 1494 14,
229 1446 274 1483 15
302 1444 487 1493 (quater),
520 1447 573 1490 16,
605 1447 648 1481 17
670 1443 778 1492 (bis),
808 1447 863 1491 18,
895 1447 951 1492 19,
978 1447 1026 1482 20
1051 1443 1162 1492 (bis),
1191 1447 1233 1480 21
1252 1443 1365 1492 (ter),
1395 1446 1453 1489 22,
1480 1445 1539 1489 23,

139 1507 188 1542 24
214 1504 325 1553 (ter),
353 1506 411 1552 27,
440 1506 498 1551 28,
526 1506 585 1550 29,
616 1505 655 1540 31
685 1502 870 1551 (quater),
899 1505 944 1540 32
968 1501 1078 1551 (bis),
1106 1504 1163 1550 33,
1189 1505 1238 1540 44
1258 1502 1368 1550 (bis),
1395 1505 1454 1549 49,
1479 1504 1538 1550 50,

140 1567 180 1601 51
212 1563 324 1612 (ter),
352 1566 410 1610 53,
439 1565 498 1608 56,
527 1565 593 1600 58:
620 1564 674 1600 48
698 1562 766 1599 1οοί
794 1562 831 1599 in
856 1563 909 1600 58
936 1561 991 1610 ἓξ.

238 1633 369 1679 Neque
406 1631 460 1668 ita
496 1631 625 1678 paucis
662 1631 752 1668 locis
788 1630 974 1678 particula
1008 1630 1073 1667 καὶ
1107 1629 1329 1677 compluries
1364 1629 1538 1677 deinceps

139 1696 362 1740 usurpatur,
400 1690 599 1738 praecipue
634 1689 672 1727 in
709 1689 773 1738 §gt
817 1693 851 1737 5,
888 1692 932 1728 15
978 1689 1089 1726 »καὶ
1127 1688 1177 1738 δή
1210 1688 1276 1725 καὶ
1312 1687 1438 1726 ἔλαθε
1469 1688 1541 1726 τὼ·

140 1749 304 1788 Κόνωνα
331 1771 377 1776 -—
406 1749 491 1786 καὶ
519 1750 674 1797 πρῶτον
700 1751 773 1797 μὲν
799 1749 1024 1798 ὑφαιρεῖται
1049 1778 1056 1785 .
1086 1777 1093 1785 .
1118 1776 1126 1785 .
1154 1747 1238 1784 καὶ
1262 1748 1391 1784 ταῦτα
1416 1749 1542 1784 ποιῶν

173 1839 180 1848 .
213 1840 220 1847 .
247 1810 329 1847 καὶ
355 1809 400 1845 τὸ
427 1807 606 1857 ἀργύριον
633 1837 640 1845 ,
668 1837 676 1846 .
707 1821 762 1856 .«,
791 1810 956 1854 20-21;
985 1810 1033 1845 24
1062 1806 1171 1844 »καὶ
1197 1806 1301 1843 navo?
1324 1805 1446 1855 τύχην
1467 1834 1476 1843 .
1497 1835 1506 1844 .
1531 1836 1539 1844 .

114 1861 251 1918 ’ὑμεῖς
286 1870 506 1917 ἐπείσθητε
536 1898 543 1905 .
573 1897 581 1905 .
609 1897 617 1905 .
649 1868 730 1904 καὶ
768 1867 847 1905 ἔδει
881 1867 946 1904 καὶ
981 1880 1015 1905 τ.
1042 1866 1091 1905 Ὀ.
1129 1865 1540 1914 στρατεύεσθαι,

140 1929 221 1966 καὶ
264 1927 386 1977 ᾤχετο
428 1927 532 1976 μετοὲ
584 1929 663 1965 τῶν
698 1924 826 1965 ἄλλων
871 1925 1196 1976 στρατευόμενος·
1256 1924 1338 1961 καὶ
1384 1927 1542 1973 συνεβε-

140 1987 252 2037 βήκει
280 2015 473 2026 ......
479 2000 496 2020 <x
531 2008 584 2034 —,
613 1988 671 2025 31.
750 1987 851 2035 Ergo
887 1997 935 2024 ne
968 1986 1063 2024 hanc
1089 1984 1240 2034 quidem
1267 1983 1477 2022 orationem
1504 1984 1541 2021 in

142 2047 333 2086 struendis
369 2046 535 2094 periodis
573 2057 645 2084 non
682 2046 855 2084 laborare
891 2045 1070 2084 dissoluto
1106 2043 1279 2082 dictionis
1305 2053 1442 2090 genere
1472 2053 1541 2081 nos

142 2108 309 2144 statuere
337 2108 501 2153 oportet..
553 2105 680 2143 Distat
707 2105 821 2153 igitur
846 2116 892 2144 ea
917 2116 940 2144 a
967 2103 1235 2150 Demosthene,
1261 2102 1435 2149 congruit
1458 2112 1541 2140 cum

142 2165 389 2204 Macartatea.

240 2224 437 2272 Reliquum
465 2223 627 2273 denique
654 2226 724 2272 est,
752 2227 794 2262 ut
820 2224 865 2262 de
891 2223 1060 2261 oratione
1075 2222 1249 2260 Lacritea
1269 2221 1449 2259 dicamus.
1496 2220 1540 2257 In

142 2283 229 2322 laxa
255 2288 294 2322 et
322 2283 504 2331 dissipata
530 2285 723 2321 structura
756 2286 796 2321 et
825 2284 866 2320 A.
892 2281 1150 2328 Schaeferus¹J
1179 2283 1218 2318 et
1243 2280 1305 2317 Fr.
1334 2278 1543 2326 Blassius⁸)

227 2425 258 2463 1)
282 2423 305 2455 1.
328 2433 355 2455 c.
378 2433 411 2464 p.
433 2423 505 2455 291.

226 2473 260 2515 2)
282 2474 305 2506 1.
326 2483 354 2506 c.
375 2484 407 2515 p.
430 2473 490 2506 506
514 2472 611 2505 Anm.
635 2473 666 2505 2.

270 2546 534 2578 (sehimmelpreng).
