1834 2916
822 155 869 195 19

142 273 197 314 εἰ
222 268 444 320 argumento
483 266 648 320 bibanii,
683 266 746 315 qui
770 263 884 304 haec:
920 264 1012 303 »οὐκ
1037 264 1169 319 ὀρθῶς
1193 264 1243 301 δέ
1262 277 1384 308 τινεςι
1418 264 1540 313 inquit

142 329 356 383 »ἐνόμισαν
388 328 462 367 τὸν
492 325 608 377 λόγον
639 325 694 377 μή
721 323 885 376 ’γνήσιον
918 318 1021 364 εἶναι
1045 323 1237 375 ἀμυδροῖς
1261 322 1540 376 α’πατηθέντες

140 390 369 443 τεκμηρίοις·
409 389 456 427 τό
491 390 566 437 μὲν
596 387 671 436 γάρ
705 388 773 438 τῆς
804 384 986 436 φράσεως
1018 385 1225 435 ἀνειμένον
1257 384 1327 423 οὐκ
1361 384 1540 434 α’πρεπὲς

141 451 345 495 ἰδιωτικοῖς
377 449 520 498 α’γῶσι,
556 446 628 485 τόν
658 446 705 484 δὲ
730 448 810 485 Δία
834 445 906 484 τὸν
931 443 1087 484 ἄνακτα
1112 446 1214 484 atavo?
1240 445 1313 496 τὴν
1337 446 1408 483 τοῦ
1431 458 1543 495 προς-

144 511 254 551 &nov
279 511 350 549 τοῦ
382 508 639 558 ὑποκειμένου
670 505 891 559 συνήθειαν
915 505 1033 559 δῆλός
1062 506 1170 546 ἐστιν
1199 504 1418 557 ωἰὀμακώς,
1444 504 1543 556 πρὸς

143 573 189 611 δὲ
220 571 293 623 τὴν
325 566 592 618 παραγραφὴν
628 567 924 617 ἀσθενέστερον
960 566 1165 618 α’πήττηκε
1197 568 1266 606 διά
1298 567 1345 607 τὸ
1378 568 1543 616 πρᾶγμα

141 632 187 670 τὸ
224 627 431 681 nomem-‚e
469 649 516 655 —
551 627 703 666 Illorum
737 631 908 667 veterum
943 630 1187 678 argumenta,
1229 637 1326 678 quae
1361 626 1542 667 Libanius

142 692 250 743 parvi
275 690 465 737 aestimat,
495 687 667 736 equidem
694 687 776 727 fieri
799 700 875 728 non
896 692 1026 738 potest
1045 689 1134 738 quin
1154 688 1316 738 probem.
1360 687 1542 739 Πονηρδν

65 770 67 772 *
143 754 247 792 recte
273 749 452 789 Libanius
484 750 595 786 vocat
629 748 811 788 orationis
838 748 1035 788 Lacriteae
1060 750 1236 798 πρᾶγμα.
1288 748 1385 787 Nam
1411 758 1543 797 quam-

143 823 256 864 quam
282 811 435 850 Artemo
460 807 556 847 male
582 810 714 857 egerat
746 809 783 849 in
809 821 916 859 eum,
951 809 1017 860 qui
1043 810 1141 850 hanc
1167 810 1375 850 orationem
1399 809 1542 859 habuit,

145 878 268 912 tamen
304 870 385 918 hic,
421 870 490 907 nisi
517 869 707 908 Lacritum
743 870 874 909 fratris
908 871 1044 909 mortui
1080 871 1259 909 bonorum
1292 869 1542 908 hereditatem

141 932 272 974 iniisse
297 933 367 970 aut
389 939 459 979 pro
487 927 550 968 illo
576 929 822 979 spopondisse
848 928 1137 979 demonstraret,
1165 940 1240 969 non
1264 931 1390 980 potuit
1415 931 1543 980 postu-

145 995 225 1033 lare
250 992 299 1030 ab
325 1002 391 1037 eo,
415 993 458 1028 ut
481 989 582 1028 illius
608 990 733 1029 debita
758 990 931 1029 solveret.
982 991 1101 1029 Porro
1128 991 1167 1029 in
1192 1002 1296 1038 eum,
1329 990 1395 1039 qui
1421 1001 1542 1037 neque

117 1074 121 1078 -
145 1053 246 1091 esset
274 1050 460 1088 mercator
486 1059 607 1097 neque
637 1048 719 1098 ipse
744 1048 861 1088 ullum
886 1052 1038 1099 pactum
1064 1050 1229 1096 iniisset,
1268 1049 1415 1089 etiamsi
1441 1048 1542 1088 solus

147 1112 256 1151 heres
290 1113 391 1149 esset
424 1109 658 1157 Artemonis,
703 1109 965 1149 mercatoriam
1005 1110 1107 1150 litem
1150 1110 1347 1151 intendere
1380 1109 1435 1149 illi
1468 1120 1541 1148 non

143 1170 270 1217 licuit,
309 1171 353 1207 ut
388 1168 416 1206 Ι.
451 1164 748 1219 Herrmannus¹)
783 1172 822 1208 et
855 1169 917 1209 Fr.
950 1168 1160 1220 Blassius²j
1193 1170 1327 1210 merito
1361 1169 1542 1209 iudicant.

148 1230 255 1279 Quod
291 1230 322 1270 si
357 1228 419 1269 ille
452 1228 674 1269 intendisset
706 1240 781 1270 non
815 1241 921 1279 eam,
963 1230 1029 1270 sed
1066 1230 1169 1270 litem
1201 1229 1417 1271 detrimenti
1449 1229 1544 1270 illati

147 1290 354 1340 (βλάβης),
399 1289 569 1328 Lacritus
614 1301 688 1328 non
729 1290 920 1339 potuisset
962 1292 1016 1330 uti
1052 1291 1115 1330 illa
1152 1292 1379 1340 exceptione.
1436 1290 1544 1330 Hanc

145 1353 271 1391 autem
306 1361 379 1389 non
415 1349 573 1398 contigit
606 1349 747 1389 oratori
780 1352 825 1390 ut
857 1349 1037 1400 probaret
1068 1350 1202 1391 falsam
1228 1362 1322 1391 esse.
1350 1373 1398 1379 —
1425 1351 1545 1400 Argu-

147 1412 410 1450 mentationem
460 1410 580 1457 enim,
626 1421 736 1458 quam
776 1414 996 1460 usurpatam
1039 1412 1250 1450 invenimus
1293 1413 1331 1450 in
1371 1412 1542 1450 oratione

146 1470 317 1510 Lacritea
333 1500 342 1518 ‚
379 1469 514 1508 bonam
550 1471 774 1518 acutamque
810 1480 886 1508 non
915 1479 1000 1509 esse
1025 1469 1242 1522 explicabo:
1284 1470 1423 1509 Orator
1447 1471 1544 1510 enim

146 1530 267 1570 multa
301 1529 392 1569 facit
426 1528 565 1577 verba,
602 1539 698 1578 quae
730 1528 779 1568 ad
812 1539 964 1569 causam
991 1541 1064 1569 non
1089 1529 1289 1579 pertinent.
1341 1530 1435 1570 Nam
1462 1533 1545 1571 tota

146 1590 314 1628 narratio
346 1588 392 1626 de
419 1589 633 1626 Artemonis
662 1588 951 1637 Apollodorique
982 1589 1226 1636 navigatione
1260 1592 1299 1627 et
1323 1589 1481 1638 perfidia
1505 1593 1545 1629 et

147 1648 280 1688 debilis
322 1650 361 1686 et
402 1657 679 1696 supervacanea
722 1646 880 1686 videtur.
954 1646 1127 1686 Omnium
1170 1647 1316 1697 illorum
1358 1648 1542 1690 factorum

146 1711 337 1747 auctorem
373 1707 490 1746 fuisse
523 1707 713 1746 Lacritum
747 1706 876 1745 multis
908 1706 1039 1754 locis⁸)
1079 1711 1208 1746 orator
1239 1708 1424 1747 iudicibus
1461 1720 1545 1758 per·

147 1768 309 1808 suadere
344 1770 517 1815 conatur,
551 1766 616 1805 sed
648 1777 696 1805 ne
729 1777 845 1805 unum
881 1763 1032 1814 quidem
1065 1766 1319 1806 testimonium
1347 1767 1404 1806 vel
1431 1778 1542 1816 argu-

147 1831 314 1868 mentum
339 1826 462 1867 affert.
515 1826 780 1876 Exceptionem
805 1836 895 1864 vero
918 1824 1058 1865 Lacriti
1084 1825 1219 1866 falsam
1244 1838 1329 1867 esse
1354 1830 1543 1867 oratorem

148 1889 319 1938 oportuit
343 1889 613 1927 demonstrare.
666 1886 741 1926 Sed
768 1897 902 1935 parum
929 1889 1039 1925 acute
1066 1887 1184 1925 multa
1206 1887 1268 1926 ille
1294 1887 1423 1935 affert,
1448 1899 1544 1937 quae

148 1951 239 1988 sunt
264 1950 372 1988 extra
395 1958 562 1996 causam,
588 1946 725 1996 multa,
751 1956 850 1996 quae
874 1945 977 1985 inter
1002 1956 1043 1985 se
1064 1950 1253 1996 pugnant,
1279 1951 1545 1997 argumentum

148 2008 306 2048 nullum.
365 2008 558 2046 Lacritum
602 2008 701 2045 enim
746 2018 816 2055 pro
856 2007 1061 2045 Artemone
1104 2008 1350 2056 spopondisse
1392 2009 1546 2057 eiusque

148 2067 397 2108 hereditatem
424 2067 553 2106 iniisse
578 2065 836 2115 compluribus
867 2065 996 2116 locis⁴)
1027 2069 1157 2106 orator
1181 2066 1272 2107 dicit
1297 2078 1372 2107 non
1398 2067 1545 2118 probat.

149 2128 282 2178 Itaque
307 2140 394 2168 cum
421 2129 463 2166 A.
491 2126 725 2175 Schaefero⁵)
750 2138 860 2182 eum,
898 2126 962 2175 qui
993 2126 1091 2167 hanc
1115 2128 1327 2167 orationem
1351 2128 1548 2177 scriberet,

234 2249 266 2292 1)
293 2249 316 2284 1.
337 2259 364 2284 c.
386 2259 418 2292 p.
440 2249 489 2283 13.

233 2301 268 2343 2)
289 2301 313 2335 l.
335 2311 362 2335 c.
384 2312 416 2344 p.
443 2301 619 2334 506—507:

233 2354 269 2395 3)
292 2353 341 2387 Cf.
362 2354 402 2395 ἐξ
427 2353 474 2392 16,
498 2353 546 2392 1¹7,
570 2353 621 2392 22,
642 2352 685 2385 28
705 2353 769 2385 etc.

231 2406 268 2447 4)
290 2406 338 2440 cr.
362 2406 403 2448 §a
421 2406 451 2445 4,
474 2405 504 2444 8,
530 2406 578 2448 15,
603 2405 652 2445 16,
674 2405 715 2451 44
735 2414 806 2446 sqq.

233 2459 268 2497 5)
292 2458 315 2491 1.
337 2467 364 2490 ο.
391 2468 423 2499 p.
448 2457 519 2489 290.
