1822 2904
262 245 408 286 sthenis
453 255 537 285 esse
582 244 797 285 iudicantur
842 245 914 285 nisi
958 246 1149 285 orationes
1193 246 1230 285 in
1278 236 1470 285 Cononem
1518 249 1558 285 et
1603 257 1676 296 pro

264 304 502 343 Phormione.

364 364 521 405 Praeter
547 374 642 414 quas
669 363 880 404 orationem
906 364 944 404 in
968 364 1174 405 Eubuliden
1195 365 1459 405 Demosthenis
1485 376 1567 405 esse
1592 376 1676 406 cum

263 425 416 463 Blassio
443 428 483 462 et
508 424 638 472 Siggio
657 424 828 472 equidem
850 427 956 472 puto.
1004 425 1076 471 Qui
1094 424 1229 473 quibus
1247 424 1369 463 causis
1384 428 1677 474 commoveatur,
1705 471 1709 474 ¹

265 489 310 523 ut
336 484 527 523 orationes
554 482 592 522 in
618 482 914 532 Pantaenetum,
947 483 1237 524 Nausimachum
1266 487 1336 523 etc.
1364 483 1465 524 haud
1491 483 1676 533 genuinas
1746 485 1749 488 ⁴

266 544 474 590 existimet,
520 554 604 581 cum
644 543 829 590 ignorem,
870 544 908 581 in
953 544 1284 591 argumentatione
1329 554 1414 582 mea
1461 554 1526 581 eas
1564 543 1676 591 plane

265 601 484 651 neglegam,
530 601 728 651 respiciam
777 602 814 640 in
865 602 1115 651 comparando
1162 612 1235 641 non
1285 605 1362 641 tam
1408 601 1601 641 orationes
1639 601 1678 641 in

265 662 466 712 Aphobum
501 665 542 701 et
579 663 616 701 in
645 661 870 711 Onetorem‚
907 673 1006 711 quae
1036 666 1080 701 ut
1104 673 1127 701 a
1160 662 1412 702 Demosthene
1437 661 1679 701 adolescente

266 723 428 771 scriptae
441 722 596 762 minoris
616 722 816 761 videantur
835 722 1025 771 momenti,
1048 732 1160 771 quam
1175 722 1365 761 orationes
1378 725 1417 760 et
1431 721 1469 760 in
1485 721 1676 761 Cononem

265 786 305 821 et
329 792 399 830 pro
427 781 650 821 Phormione
675 786 714 820 et
739 782 777 820 in
801 781 1027 821 Eubuliden.
1056 802 1103 810 —
1130 781 1242 829 Quod
1271 782 1303 820 si
1329 782 1388 820 cui
1412 781 1548 820 mirum
1576 780 1677 820 vide·

266 845 350 890 tur,
389 841 491 890 quod
529 843 586 878 tot
620 841 811 879 orationes
849 844 926 879 tam
952 841 1058 889 parvi
1099 840 1313 880 habeantur
1337 840 1675 890 Demosthenisque

266 901 415 941 nomine
451 900 628 949 indignae
662 901 945 949 existimentur,
980 911 1077 950 quae
1104 900 1321 940 Callimachi
1347 900 1485 940 iudicio
1510 899 1677 939 in'illius

265 971 381 1010 opera
404 965 555 1010 recepta
582 964 681 1009 sunt,
707 962 741 999 ei
769 962 841 999 iam
864 960 1169 1010 Rohrmannus1)
1200 961 1356 1010 opponit
1380 960 1549 1009 Dionysii
1571 959 1675 999 Hali-

266 1021 525 1060 carnassensis
559 1020 654 1060 haec
690 1020 804 1059 verba
815 1052 832 1070 „
873 1032 970 1070 quae
1008 1023 1161 1061 exstant
1196 1021 1234 1060 in
1269 1020 1392 1071 capite
1426 1020 1548 1071 primo
1580 1018 1677 1068 libri,

267 1091 377 1130 quem
416 1081 464 1120 de
495 1081 685 1120 Dinarcho
720 1082 893 1130 scripsit:
932 1099 972 1120 ».
1000 1111 1009 1119 .
1037 1111 1045 1119 .
1073 1080 1160 1131 ἅμα
1182 1082 1228 1119 δὲ
1253 1081 1356 1131 ὁρῶν
1381 1080 1498 1119 οὐδὲν
1520 1080 1677 1130 ἀκριβὲς

264 1138 356 1179 οὔτε
393 1140 644 1190 Καλλίμαχον
679 1138 771 1179 οὔτε
811 1141 903 1185 τούς
938 1142 981 1179 ἐκ
1014 1140 1228 1192 Περγάμου
1264 1139 1554 1190 γραμματικοὺς
1584 1138 1677 1188 περὶ

264 1201 390 1239 αὐτοῦ
423 1199 675 1254 γράψαντας,
710 1201 814 1239 α’λλοὲ
851 1202 966 1250 παροδ
995 1201 1040 1239 τὸ
1070 1201 1196 1251 μηδὲν
1220 1200 1408 1246 ἐξετάσαι
1434 1200 1526 1250 περὶ
1552 1199 1678 1238 αὐτοῦ

263 1262 342 1299 τῶι·
373 1260 659 1309 ἀκριβεστέρων
690 1260 966 1311 ἡμαρτηκότας
995 1260 1045 1305 ὥς
1070 1261 1124 1311 μή
1150 1259 1274 1310 μόνον
1300 1260 1508 1314 ἐψεῦσθαι
1533 1258 1676 1307 πολλά,

260 1321 365 1360 α’λλοὶ
395 1320 460 1358 καὶ
493 1319 628 1369 λόγους
653 1320 746 1365 τούς
770 1319 887 1359 οὐδὲν
912 1323 987 1370 μὲν
1013 1320 1123 1370 αὐτῷ’
1149 1319 1410 1370 προςτῑκοντας
1435 1319 1487 1364 ὥς
1513 1318 1678 1370 Δεινάρ-

262 1395 335 1431 χου
386 1378 512 1429 τούτῳ
569 1383 866 1430 προςτίθεσθαι
922 1381 1012 1425 τούς
1072 1381 1107 1419 δ’
1155 1380 1224 1419 ὑπ’
1278 1380 1402 1419 αὐτοῦ
1459 1384 1678 1431 γραφέντας

263 1441 406 1491 ἑτέρων
441 1435 544 1478 εἶναι
577 1439 735 1489 asyma«
766 1462 811 1469 -—
841 1440 1088 1481 Callimachus
1125 1442 1223 1481 enim
1259 1452 1333 1480 non
1370 1443 1447 1480 tam
1466 1443 1675 1483 ,oratorum

264 1501 476 1540 delectatus
510 1503 569 1539 est
596 1511 709 1549 quam
743 1504 942 1549 poetarum
969 1501 1156 1549 operibus.
1208 1500 1534 1548 Quemadmodum
1559 1500 1676 1548 igitur

262 1560 404 1600 factum
439 1559 510 1608 sit,
547 1563 591 1598 ut
619 1559 868 1599 Callimachus
904 1561 941 1598 in
963 1560 1218 1600 diiudicandis
1242 1563 1435 1598 oratorum
1462 1559 1674 1598 Atticorum

261 1619 412 1669 scriptis
450 1619 488 1657 in
523 1619 734 1668 permultos
770 1630 918 1659 errores
954 1620 1154 1669 incideret,
1190 1619 1300 1659 facile
1335 1622 1461 1668 potest
1494 1618 1675 1667 intellegi.

261 1680 318 1718 De
353 1689 429 1729 qua
466 1690 508 1718 re
544 1678 664 1727 siquis
699 1679 915 1717 accuratius
951 1679 1094 1718 erudiri
1127 1679 1230 1726 vult,
1264 1679 1298 1717 ei
1332 1678 1577 1717 evolvendum
1617 1681 1677 1717 est

262 1740 306 1779 A.
331 1737 554 1788 Schaet'eri’)
588 1737 764 1778 volumen
794 1739 966 1787 tertium,
1004 1738 1066 1778 ubi
1099 1739 1145 1779 de
1180 1749 1225 1778 ea
1250 1738 1472 1778 Rehdantzii
1508 1741 1599 1787 apta
1637 1742 1677 1777 et

261 1800 414 1847 sagacia
442 1799 557 1838 verba
583 1800 760 1838 citantur.

363 1858 553 1899 Ciceronis
579 1862 674 1898 orat.
701 1870 782 1909 cap.
798 1863 846 1899 44
869 1860 891 1910 g
913 1860 974 1898 151
1005 1860 1110 1899 nisus
1139 1859 1365 1898 Bensclerus
1392 1858 1675 1898 accuratissima

263 1919 311 1958 de
354 1919 464 1958 hiatu
508 1919 768 1968 disquisitione
814 1921 852 1958 in
896 1921 1133 1959 orationibus
1176 1920 1311 1958 Atticis
1353 1920 1531 1958 instituta
1575 1919 1676 1958 solas

262 1978 446 2017 vocalium
474 1979 737 2017 concursiones
764 1979 994 2018 observavit.
1044 1981 1087 2017 A.
1112 1978 1334 2018 Schaeferus
1355 1981 1509 2027 propter
1532 1979 1673 2027 magni-

262 2037 429 2077 tudinem
467 2040 632 2088 suscepti
671 2039 811 2078 laboris
850 2039 1075 2078 industriam
1111 2038 1421 2089 diligentiamque
1455 2049 1561 2078 suam
1600 2050 1675 2077 non

260 2102 339 2136 tam
368 2099 405 2136 iu
435 2099 668 2137 orationibus
693 2099 854 2147 privatis
881 2109 996 2148 quam
1023 2099 1061 2136 in
1088 2098 1348 2144 contionum,
1374 2098 1411 2135 in
1438 2098 1675 2137 orationibus

260 2228 300 2260 A.
323 2228 417 2260 Dem.
441 2237 473 2268 p.
498 2227 613 2266 XIII),
647 2228 818 2260 Dindorfio
840 2228 963 2269 (Praet‘.
991 2228 1040 2260 ed.
1064 2228 1189 2261 Teubn.
1215 2239 1246 2269 p.
1270 2227 1469 2268 LXXXHD.
1499 2227 1675 2259 Schaefero

259 2278 298 2319 (1.
323 2288 349 2311 c.
374 2278 439 2310 111¹
462 2289 493 2320 p.
517 2279 557 2311 82
581 2280 686 2319 sqq.),
730 2279 922 2312 Schaffnero
947 2279 1037 2320 (diss.
1064 2279 1151 2320 Lips.
1177 2279 1289 2317 1876),
1323 2279 1532 2310 Buermanno
1564 2276 1676 2317 (Neue

257 2328 394 2371 (Jahrb.
416 2330 439 2362 f.
461 2330 551 2364 Phil.
580 2331 676 2370 1877)
700 2331 934 2364 Demosthenis
958 2341 1025 2364 non
1047 2341 1115 2364 esse
1137 2330 1256 2364 iudico.

340 2383 376 2473 ἐξ
398 2383 422 2465 1¹.
447 2393 474 2466 ἓξ
497 2383 571 2466 {311²
584 2385 669 2476 25⁶1»
695 2433 758 2466 317
781 2443 853 2475 sqq.
898 2433 946 2467 cf.
969 2433 1122 2477 Siggium
1146 2434 1167 2467 1.
1189 2444 1216 2467 ο.
1239 2445 1270 2476 p.
1294 2434 1355 2467 399
1375 2443 1445 2476 sqq.
