1822 2904
835 148 881 185 21

151 259 304 305 diceret,
347 255 465 295 falsos
499 257 618 294 testes
651 252 893 293 subm-nasse.
945 253 1042 293 Nam
1066 253 1139 293 nisi
1161 264 1206 293 eo
1232 253 1344 293 modo
1371 253 1548 303 egissent,

154 317 459 368 olympiodorum
509 325 585 353 non
634 313 751 353 fuisse
801 317 1027 353 uancturum
1078 314 1240 354 Cononis
1287 313 1551 353 hereditatem.

154 378 279 418 Tanta
304 386 434 416 eorum
460 378 545 414 erat
568 373 737 423 nequitia
763 377 803 412 et
828 373 1008 423 perfidia,
1041 377 1085 413 ut
1108 374 1157 414 H.
1184 373 1380 422 Wolfius1)
1406 383 1552 412 summo.

154 439 213 477 ira
240 438 416 476 incensus
449 435 543 476 haec
568 433 684 473 verba
708 433 918 483 proferret:
955 433 1052 473 »Sed
1075 446 1098 473 o
1122 435 1257 474 miram
1281 433 1552 482 impudentiam

155 497 324 545 hominis,
352 494 416 545 q'ui
441 506 548 534 suam
573 494 853 544 improbitatem
876 494 1049 534 confiteri
1074 500 1151 534 uon
1173 494 1386 543 erubescat,
1409 497 1449 533 et
1475 494 1551 533 dis-

154 557 375 597 solutionem
413 555 599 604 iudicum,
638 555 671 594 si
705 554 799 594 talia
834 555 976 595 scelera
1009 555 1078 595 ulti
1105 566 1180 594 non
1208 555 1341 594 suntl«
1394 554 1464 594 Cui
1494 555 1552 593 in-

153 616 359 666 dignationi
383 618 427 653 ut
447 615 490 653 A.
508 613 767 664 Schaeferus2)
792 615 859 662 ita,
884 615 1058 665 quisquis
1083 615 1180 654 hanc
1200 614 1412 654 orationem
1438 614 1550 664 leget,

154 677 394 717 assentietur.
456 674 718 714 Demosthenis
763 676 912 714 maximi
956 676 1120 715 omnium
1155 675 1318 714 oratoris
1353 685 1436 713 eam
1469 684 1552 713 esse

153 737 234 776 fieri
259 747 333 775 non
360 738 489 784 potest
513 738 559 774 ut
584 735 853 774 existimemus.
903 735 1056 784 Tamen,
1084 739 1127 775 ut
1151 736 1225 775 iam
1252 745 1368 784 supra
1392 744 1552 773 comme-

153 796 312 842 moravi,
349 795 533 834 Henricus
559 795 690 842 Weil⁸)
716 794 882 844 Dionysii
908 795 1252 835 Halicarnassensis
1279 794 1416 834 iudicio
1443 795 1550 833 nisus

152 855 250 893 hanc
294 854 504 892 orationem
550 853 683 892 tribuit
726 854 993 903 Demostheni,
1045 856 1183 903 quippe
1226 855 1291 902 qui
1333 857 1378 891 ut
1421 863 1551 891 omnes

153 914 437 955 Atheniensium
478 915 650 952 oratores
686 913 864 953 iniustam
898 924 1047 964 quoque
1080 917 1120 954 et
1153 913 1362 964 improbam
1398 922 1549 952 causam

152 974 350 1014 defendere
384 974 563 1023 potuerit.
614 974 689 1013 Sed
717 974 830 1013 talem
855 976 1062 1014 orationem
1089 976 1126 1013 in
1155 975 1222 1014 tali
1247 985 1362 1013 causa
1388 973 1549 1013 scribere

151 1045 225 1073 non
248 1033 359 1072 modo
383 1033 691 1082 Demosthenem,
726 1045 858 1073 verum
882 1034 998 1074 etiam
1022 1038 1168 1074 ceteros
1195 1044 1349 1082 magnos
1374 1037 1548 1073 oratores

152 1093 297 1133 Atticos
330 1104 405 1132 non
439 1094 607 1142 potuisse
640 1106 722 1134 cum
755 1095 903 1134 Blassio
911 1096 944 1145 ⁴)
978 1107 1123 1135 censeo.
1180 1094 1289 1134 Adde
1314 1094 1438 1144 quod,
1474 1105 1547 1144 quo

152 1154 355 1202 tempore⁵)
380 1153 511 1192 habita
537 1158 597 1192 est
622 1156 744 1193 oratio
770 1156 809 1193 in
836 1154 1169 1204 Olympiodorum,
1197 1155 1348 1194 omnino
1375 1165 1448 1192 non
1473 1154 1548 1191 iam

151 1223 222 1261 pro
264 1212 348 1251 aliis
395 1212 683 1252 Demosthenem
727 1214 917 1253 orationes
962 1215 1156 1263 scripsisse
1198 1212 1398 1253 verisimile
1443 1213 1549 1262 ew).

152 1272 411 1311 certissimum
437 1284 520 1311 esse
545 1276 674 1313 statuo
699 1274 819 1321 illum,
844 1274 980 1323 quibus
1006 1274 1289 1323 temporibus⁷),
1323 1282 1548 1321 quacunque

151 1331 298 1370 ratione
331 1342 400 1380 pro
427 1331 570 1371 viribus
604 1333 683 1372 suis
715 1336 889 1382 poterat,
933 1345 1062 1373 omnes
1097 1334 1262 1373 Graecos
1298 1343 1366 1381 pro
1398 1331 1548 1380 patriae

149 1392 329 1431 libertate
355 1393 393 1431 in
419 1392 649 1442 Philippum,
683 1405 810 1443 regem
835 1393 1099 1441 Macedonum,
1135 1393 1300 1433 excitare
1324 1391 1548 1440 conabatur,

151 1463 221 1490 non
256 1452 447 1491 exstitisse
483 1452 718 1493 defensorem
753 1457 832 1493 tam
858 1465 1002 1504 pravae
1027 1454 1250 1503 humilisque
1276 1463 1422 1492 causae.
1476 1452 1547 1490 Ac-

149 1512 320 1552 curatius
345 1512 378 1551 si
404 1513 442 1551 in
470 1512 566 1552 hanc
584 1514 796 1554 orationem
811 1515 1054 1564 inquiremus,
1080 1517 1268 1554 oratorem
1283 1523 1546 1562 cognoscemus

148 1578 188 1611 et
219 1571 414 1611 verbosum
455 1576 494 1612 et
534 1573 750 1613 mendacem
792 1577 832 1613 et
870 1575 1038 1624 ineptum
1068 1577 1107 1614 et
1133 1585 1268 1623 parum
1298 1572 1473 1612 callidum
1507 1575 1547 1610 et

233 1719 265 1758 1)
291 1718 326 1751 in
346 1729 460 1761 appar.
484 1719 556 1753 erit.
580 1720 618 1753 G.
641 1720 682 1753 H.
704 1720 872 1753 Schaeferi
893 1720 933 1754 V.
955 1721 1026 1754 247.
1053 1740 1087 1745 —
1113 1721 1205 1755 Idem
1227 1721 1270 1753 ad
1291 1719 1423 1753 Libanii
1444 1729 1544 1762 argu-

146 1770 253 1803 menti
273 1770 407 1803 initium
432 1772 587 1813 »ποικίλην
612 1774 676 1812 ἔχει
697 1776 895 1815 περιπέτειαν
916 1775 1109 1815 πραγμάτοιν
1132 1773 1147 1803 ὃ
1167 1774 1270 1812 λόγος(
1287 1790 1324 1796 —
1343 1772 1476 1809 »μᾶλλόν
1490 1783 1543 1811 γε(

149 1839 187 1846 —-
209 1821 320 1863 inquit
343 1827 512 1865 »πονηρίαν
534 1825 582 1853 καὶ
604 1824 726 1855 ἀδικίαν
747 1826 798 1855 καὶ
818 1825 1048 1866 ψευδολογίαις

231 1885 264 1926 2)
287 1885 308 1917 l.
332 1894 360 1917 c.
381 1896 412 1927 p.
434 1885 506 1919 239.

231 1947 264 1987 3)
288 1946 310 1978 l.
332 1956 359 1978 c.
382 1957 413 1987 p.
436 1946 601 1979 XI-—XIL
625 1964 663 1970 —
685 1947 733 1981 cf.
759 1957 861 1989 supra
882 1958 914 1989 p.
935 1949 966 1981 4.

230 2008 262 2048 4)
286 2007 308 2040 1.
332 2018 358 2040 c.
381 2019 414 2050 p.
436 2009 507 2043 499.
552 2009 601 2042 Cf.
625 2008 815 2042 Dat-estium
837 2010 860 2042 l.
883 2020 910 2042 c.
934 2010 976 2043 11.
1000 2021 1031 2052 p.
1049 2010 1079 2043 3.

230 2070 275 2110 5)-
292 2080 358 2103 non
386 2071 492 2104 multo
516 2073 590 2112 post
611 2081 736 2104 annum
758 2072 856 2105 3432.
879 2072 932 2112 0.,
962 2073 1005 2106 cf.
1026 2073 1067 2105 A.
1091 2073 1302 2106 Schaeferum
1323 2074 1346 2106 l.
1368 2084 1395 2107 c.
1419 2085 1449 2115 p.
1471 2074 1544 2113 239,

148 2119 311 2153 Blossium
335 2121 356 2153 l.
379 2132 405 2155 c.
432 2133 464 2164 p.
483 2122 555 2156 498.

228 2184 264 2222 6)
286 2184 333 2217 cf.
354 2194 400 2216 or.
424 2184 459 2216 in
483 2185 696 2218 Zenothemin
719 2188 739 2228 ξ
754 2187 897 2220 31—32:
930 2190 1015 2225 »ἐμοὶ
1036 2189 1066 2220 δ’
1089 2190 1157 2220 ἐστὶ
1175 2190 1242 2228 μέν,
1265 2182 1290 2219 οῗ
1311 2188 1343 2220 εἴ.
1364 2188 1421 2224 'A.‚
1443 2189 1544 2229 Δημο-

146 2236 262 2276 σθένης
295 2237 397 2272 οἰκεῖος
432 2240 512 2274 rire*
541 2262 548 2268 .
574 2261 582 2269 .
607 2261 615 2269 .
638 2260 646 2268 .
670 2261 679 2269 .
700 2263 708 2270 .
740 2240 960 2281 προςελθόντος
990 2241 1019 2271 δ’
1047 2240 1133 2282 αὐτῷ
1161 2253 1219 2277 μου
1247 2241 1297 2270 nal
1325 2246 1470 2281 παρεῖναι
1496 2241 1548 2270 καὶ

145 2288 275 2325 βοηθεῖν
295 2287 451 2328 &Euesa-roc
468 2309 636 2321 ......
658 2291 716 2330 ἔφη
737 2314 901 2323 ......
931 2293 996 2328 ἐμυὶ
1018 2294 1215 2331 συμβέβηκεν,
1245 2290 1298 2327 ἀφ’
1325 2285 1360 2321 οὗ
1387 2293 1458 2333 περὶ
1482 2293 1545 2323 τῦ,

144 2336 249 2368 mvn-»u
278 2338 375 2377 λέγειν
404 2339 554 2380 ἠρξάμην,
585 2340 665 2380 μηδὲ
692 2341 823 2383 πρᾶγμα
847 2342 925 2373 ἴδιον
946 2343 1201 2385 προςεληλυθέναι
1223 2366 1230 2373 .
1253 2365 1261 2373 .
1287 2367 1294 2374 .
1317 2366 1325 2374 .
1351 2369 1358 2375 .
1380 2356 1408 2374 .‹
1438 2361 1472 2367 -—
1497 2344 1546 2376 Cf.

147 2387 326 2422 Heuricum
349 2389 448 2423 Weil.
471 2390 492 2422 1.
516 2401 543 2423 c.
565 2401 597 2433 p.
618 2391 693 2424 XII.

226 2441 258 2484 7)
281 2441 328 2474 cf.
349 2444 389 2476 A.
411 2441 624 2477 Schaeferum
644 2443 667 2476 l.
691 2454 719 2477 c.
741 2454 773 2488 p.
795 2443 867 2485 239,
890 2445 1079 2481 Darestium
1101 2445 1123 2479 1.
1147 2454 1174 2477 c.
1197 2444 1239 2477 11.
1260 2455 1294 2489 p.
1315 2445 1345 2480 3.
