1822 2904
150 291 246 332 finiti
271 287 507 339 ήηήθησαν
532 287 769 336 participium
797 288 1036 338 ἡττηθέντες
1061 308 1122 335 -·‚
1150 290 1209 327 32.
1240 300 1271 326 ν.
1296 317 1305 327 .
1330 318 1340 327 .
1368 287 1549 337 ἐνίκησεν

151 350 318 399 οὐδεμιᾷ
344 349 579 396 παρασκευῇ
600 346 726 394 ἀδίκῳ
751 367 797 375 —-
824 346 909 385 ἀλλ’
937 347 988 390 αῖς
1012 341 1099 384 οἷόν
1122 360 1167 384 τε
1192 346 1421 385 δικαιότατα
1441 375 1452 384 .
1472 375 1482 383 .
1502 362 1549 393 .«,

152 412 211 449 33.
248 421 280 446 ν.
308 436 318 446 .
344 436 353 445 .
381 405 450 443 οὐκ
482 405 662 454 ἐνίκησεν
693 405 798 444 ἀλλὰ
834 405 1135 455 παρεκρούσατο
1161 436 1168 444 .
1197 434 1206 444 .
1233 419 1273 444 .‹
1287 435 1298 453 ,
1342 408 1402 444 34.
1436 403 1551 443 »οὔτε

152 468 402 516 Θεόπομπος.
433 462 513 503 οὔτ’
549 462 666 509 ἄλλος
702 464 833 510 οὐδεὶς
863 465 1030 503 πώποτε
1064 465 1295 515 ἀνθρώπων
1335 466 1550 516 ἐνίκησενι,

152 533 210 569 48.
251 530 310 565 50.
357 525 496 563 »οὐδὲν
543 521 670 573 ὄνομα
712 527 791 562 τῶν
825 553 835 562 .
871 555 880 563 .
918 555 927 564 .
965 524 1049 563 ἀλλ’
1090 525 1186 563 ου’δὲ
1232 525 1550 575 παραπλήσιονα,

153 592 211 627 67,
239 585 412 624 »τούτων
438 583 556 622 οὐδὲν
580 584 695 633 ἔμελε
720 586 766 624 Θ.
797 613 806 623 .
834 615 843 623 .
870 615 880 623 .
906 584 1009 623 ἀλλά
1039 586 1156 623 τοῦτο
1192 583 1318 634 μόνον
1344 614 1353 622 .
1380 615 1390 624 .
1418 601 1451 624 .‹
1478 590 1549 624 etc.

243 655 368 703 Adde,
393 654 493 703 quod
525 654 625 693 haud
650 655 707 693 ita
732 665 822 694 raro
842 656 949 704 quasi
970 653 1230 704 parenthetica
1251 655 1475 705 interposita
1494 656 1550 694 in-

150 717 329 757 venimus*
345 715 475 753 brevia
499 714 683 762 quaedam
709 715 922 763 enuntiata,
947 725 1042 763 quae
1068 724 1294 764 quamquam
1319 715 1547 754 inducuntur

150 774 338 826 particuia
381 775 476 823 γάρ,
523 778 650 812 tamen
693 774 912 824 plerumque
952 774 1042 813 mihi
1080 774 1232 823 quidem
1272 785 1549 823 supervacanea

149 836 337 875 videntur.
404 834 457 872 Cf.
486 833 554 883 §§:
587 835 631 872 18
660 835 798 871 »τοῦτο
819 834 893 883 γάρ
918 833 1050 873 ἅπασι
1074 834 1204 872 κοινόν
1231 835 1376 883 ἐστινι,
1402 837 1462 882 27,
1487 837 1546 884 63,

151 899 208 944 64,
235 896 293 933 73.

246 964 432 1002 Brevitati
469 973 558 1001 vero
592 965 704 1011 aptae
744 966 782 1001 et
817 962 1020 1000 concinnae
1054 963 1154 1001 hunc
1181 967 1367 1003 oratorem
1397 966 1546 1004 omnino

148 1035 220 1064 non
248 1022 456 1070 studuisse,
491 1027 534 1060 ut
558 1033 601 1060 ex
628 1020 799 1060 omnibus
821 1020 1009 1070 prioribus
1036 1025 1211 1070 apertum
1237 1026 1315 1072 est,
1353 1023 1408 1063 ita
1434 1035 1544 1075 prae-

149 1086 256 1133 cipue
287 1095 334 1122 ex
367 1083 478 1131 longa
513 1082 577 1120 illa
613 1086 653 1119 et
690 1081 851 1119 molesta
885 1081 1040 1129 periodo
1074 1082 1398 1130 paragraphorum
1433 1086 1543 1123 6-7.

149 1144 270 1189 Quam
314 1142 461 1181 omissis
503 1140 626 1180 verbis
671 1139 867 1179 inutilibus
908 1139 1183 1189 simplicissima
1223 1141 1370 1180 ratione
1404 1143 1543 1192 optime

147 1203 409 1243 Rohrmannus
448 1202 727 1241 demonstravit
762 1201 815 1239 sie
842 1201 938 1239 strui
964 1201 1156 1249 potuisse:
1198 1199 1385 1252 »ἐχούσης
1409 1202 1455 1240 δὲ
1479 1205 1546 1253 τῆς

146 1262 303 1314 μητρὸς
323 1263 395 1300 τοῦ
423 1262 568 1306 παιδός
593 1260 665 1299 τόν
689 1261 840 1310 κλῆρον,
877 1258 998 1304 οῧτως
1022 1259 1100 1299 εἶσὶ
1126 1260 1258 1309 μιαροὶ
1286 1262 1332 1300 Θ.
1357 1276 1390 1300 κ.
1415 1262 1482 1301 Γλ.
1509 1277 1542 1302 κ.

146 1322 213 1362 Γλ.
247 1319 286 1361 ‹5‘
302 1321 490 1374 ἡττηθεὶς
524 1321 570 1359 τᾶ
605 1320 799 1371 πρότερον
839 1320 905 1358 καὶ
941 1319 1073 1370 ἕτερός
1105 1334 1161 1364 τις
1197 1320 1276 1359 τῶν
1312 1321 1545 1374 ἐπιτηδείων

146 1381 390 1433 Εὐπόλεμος,
417 1381 512 1421 ὥστ’
538 1380 607 1419 οὐκ
633 1381 783 1419 οἴονται
805 1380 892 1418 δεῖν
918 1382 1145 1418 πείθεσθαι
1169 1383 1249 1425 τοῖς
1275 1381 1419 1430 νόμοις,
1444 1382 1546 1421 ἄλλά

146 1434 283 1481 πάντα
306 1440 457 1492 τρόπον
481 1442 766 1491 ἐπιχειροῦντες
790 1439 1019 1490 ἀφελέσθαι
1045 1438 1167 1478 πάλιν
1191 1440 1264 1490 τήν
1289 1443 1453 1490 γυναῖκα
1474 1442 1545 1480 τόν

144 1502 283 1553 κλῆρον
302 1502 640 1552 προςεκαλέσαντο
656 1500 785 1549 αὐτὴν
803 1501 904 1548 πρὸς
923 1500 995 1537 τόν
1004 1496 1179 1548 ἄρχοντα
1190 1499 1245 1544 εἰς
1259 1500 1542 1541 &maman-tam

146 1562 269 1612 Atque
308 1562 381 1601 alia
417 1561 604 1611 permulta
639 1571 793 1610 possum
831 1570 1052 1599 enumerare
1085 1559 1329 1600 verbositatis
1366 1561 1546 1611 exempla,

145 1621 212 1661 sed
245 1622 319 1668 eis,
363 1633 459 1671 quae
493 1622 567 1659 iam
599 1621 733 1668 attuli,
777 1630 893 1658 unum
929 1619 1077 1658 addam.
1135 1619 1228 1659 Dico
1267 1621 1545 1670 inquisitionem

146 1681 266 1730 illam,
294 1686 338 1720 ut
363 1682 497 1720 Latine
522 1683 679 1720 vocatur
704 1679 925 1729 ἀνάκρισις,
954 1691 1051 1729 quae
1077 1683 1204 1719 exstat
1229 1681 1268 1719 in
1294 1681 1545 1731 paragraphis

147 1745 304 1781 48—49.
357 1741 412 1780 De
439 1752 513 1790 qua
539 1742 613 1779 iam
640 1740 863 1788 dissei-unffi)
891 1739 1060 1779 Blassius
1088 1745 1126 1778 et
1151 1739 1429 1790 Rohrmannus,
1455 1753 1546 1790 quo·

146 1795 227 1839 rum
259 1801 356 1841 alter
390 1801 586 1839 verborum
613 1799 853 1838 latitudinem
882 1798 943 1837 »εἰ
964 1798 1041 1848 γάρ
1067 1813 1123 1844 τις
1148 1799 1352 1849 α’νακρίνοι
1378 1792 1411 1837 ὦ
1430 1796 1472 1838 ἴτ’.
1497 1799 1545 1848 δ.,

146 1860 280 1900 οὑτοσὶ
316 1864 375 1906 τίς
410 1860 521 1900 ἐστὶν
556 1860 578 1899 ὁ
612 1858 877 1912 ἀμφισβητῶν
910 1861 968 1910 τῷ
1002 1860 1118 1900 παιδὶ
1150 1858 1278 1910 τούτῳ
1311 1861 1384 1899 τοῦ
1407 1860 1546 1912 κλήρου

145 1923 218 1959 τοῦ
238 1921 273 1959 Ἀ
277 1938 570 1960 .........
605 1920 750 1959 »πάλιν
776 1921 826 1971 δή
853 1920 1050 1970 ἀνακρίνω
1077 1922 1148 1959 τὸν
1173 1921 1305 1959 παῖδα
1330 1931 1409 1969 sqq.
1438 1951 1447 1959 .
1474 1950 1483 1958 .
1511 1936 1542 1958 ,ιι

146 1981 397 2031 reprehendit,
424 1981 523 2020 alter
549 1980 661 2020 huius
685 1979 831 2030 figurae
856 1980 1027 2031 formam,
1053 1992 1136 2020 cum
1164 1980 1297 2020 melius
1325 1992 1365 2020 se
1391 1979 1546 2020 haberet

147 2040 273 2091 dictio,
305 2042 337 2080 si
361 2046 490 2080 orator
513 2041 727 2091 scripsisset
748 2040 809 2079 »εἰ
818 2041 893 2090 γάρ
904 2056 960 2085 τις
972 2042 1175 2090 α’νακρίνοι
1197 2053 1255 2089 σε,
1281 2034 1395 2089 (3111,
1422 2041 1472 2080 σύ
1489 2044 1547 2085 τίς

147 2096 186 2139 εἴ
210 2132 218 2141 .
248 2132 256 2141 .
282 2119 314 2141 .«
390 2101 509 2140 Multo
543 2100 668 2151 aptius
702 2104 741 2139 et
774 2100 925 2140 brevius
958 2100 1050 2140 haec
1081 2100 1204 2150 figura
1233 2104 1412 2150 usurpata
1437 2104 1495 2140 est
1521 2113 1544 2139 a

148 2161 398 2201 Demosthene
432 2163 470 2201 in
508 2160 623 2209 LVII,
653 2161 700 2200 66
731 2172 832 2209 sqq.:
868 2176 907 2200 ›.
939 2192 947 2200 .
983 2192 992 2200 .
1028 2162 1101 2210 ἐγώ
1133 2162 1205 2200 τόν
1239 2161 1361 2200 αὐτόν
1396 2161 1545 2211 τρόπον

147 2220 318 2269 ἐμαυτόν
340 2221 435 2270 ὑμῖν
461 2221 665 2270 α’νακρινῶ.
718 2212 752 2257 οῗ
774 2217 986 2269 ἄνθρωπε,
1022 2224 1080 2265 τίς
1104 2215 1155 2271 ἧν
1182 2233 1246 2260 σοι
1271 2222 1425 2272 πατήρς
1458 2221 1545 2270 ἐμοὶ

147 2280 365 2331 Θούκριτος.
417 2280 555 2320 οἰκεῖοί
584 2294 685 2326 τινες
714 2274 816 2319 εἶναι
838 2283 1104 2331 μαρτυροῦσιν
1129 2281 1238 2331 αὐτῷ
1245 2297 1260 2329 ,·
1295 2303 1341 2309 -
1369 2281 1477 2320 πάνυ
1502 2296 1544 2331 γε

221 2358 293 2379 ..4ς

230 2476 261 2518 1)
284 2476 332 2509 cf.
355 2476 520 2508 Blassium
543 2476 566 2509 1.
591 2486 620 2508 c.
643 2486 675 2517 p.
697 2476 769 2515 495,
794 2475 1048 2508 Rohrmannum
1069 2476 1092 2508 1.
1112 2485 1139 2507 c.
1162 2484 1195 2516 p.
1218 2475 1267 2506 53.
