1822 2904
831 147 878 185 35

0 234 46 295 Ξ
88 279 90 281 >
155 259 287 303 lom
315 252 536 302 ceterosque
572 254 666 292 deos
701 253 869 293 invocari
912 253 1049 292 mirum
1091 263 1166 291 non
1208 252 1368 292 videtur.
1428 251 1560 301 Neque

0 315 46 379 Ξῖ
101 309 105 315 ’
156 311 249 359 varo
269 315 345 357 ullo
371 313 452 354 loco
478 311 752 353 Demosthenes
776 312 903 353 Iovem
926 313 982 353 ita
1006 313 1177 362 invocat,
1210 315 1254 352 ut
1286 311 1469 352 formulae
1500 313 1558 362 μοὶ

0 390 14 416 κ
92 378 94 380 ’
155 381 235 420 Ata
250 375 375 426 veh-1)
389 377 470 414 Δία
485 373 607 412 addat
621 372 846 412 adiectivum
864 373 923 413 vel
937 373 1228 422 substantivum,
1248 384 1325 422 quo
1340 374 1560 423 magnitudo

157 437 258 483 Iouis
291 433 473 483 singulari
509 432 620 472 modo
653 433 899 482 exprimatur.
952 432 998 473 Id
1032 433 1130 472 euim
1168 435 1209 472 et
1240 432 1560 482 supervacaneum

157 503 229 546 est3
253 500 337 536 c'um
363 494 511 543 Iupiter
533 503 590 543 eo,
616 492 718 542 quod
741 493 865 542 primo
889 493 971 533 loco
995 493 1054 533 vel
1080 493 1179 544 quod
1205 493 1309 533 solus
1335 494 1559 545 nominatur,

159 558 257 599 deus
284 563 453 595 summus
485 555 670 603 appareat
680 563 692 601 ,’
722 562 845 603 neque
879 556 1011 604 aptum
1043 549 1088 593 in'
1117 553 1278 603 privatis
1314 554 1564 604 orationibus,

130 639 134 642 -
158 625 257 667 quas
278 611 392 654 tenue
415 623 534 661 genus
559 612 733 652 dictionis
759 612 906 653 deceat.
953 613 1089 663 Itaque
1115 613 1386 654 Demosthenes
1409 618 1562 663 poterat

158 679 202 716 et⁴
222 672 261 714 in
285 674 416 714 eadem
441 671 683 722 paragrapho
706 671 869 711 formula
893 673 949 712 uti
972 672 1021 711 οὐ
1043 674 1179 722 μέντοι
1195 673 1255 723 μοὶ
1274 676 1354 712 Δία
1379 677 1419 713 et
1438 674 1561 714 dicere
1598 724 1601 727 Ι

157 736 198 775 iu
221 731 249 784 ἃ
269 737 320 772 44
347 737 465 783 ιφέρε
498 731 598 781 πρὸς
631 733 711 770 τῶν
742 733 876 771 θεαῖν
913 735 953 772 et
984 732 1023 772 in
1049 731 1072 783 9
1099 735 1148 773 48
1172 732 1298 773 »ἀλλά
1323 733 1371 786 νή
1393 737 1495 774 Ata«
1522 737 1562 774 et

158 794 303 840 XLIII„
331 795 378 830 52
408 792 478 830 »οὐ
500 792 559 840 μοὶ
572 792 635 830 Δῖ
662 821 672 830 .
698 821 707 830 .
736 808 769 830 .‹
794 796 833 831 et
846 795 894 832 68
917 786 976 830 »ὦ
989 794 1071 831 Ζεῦ
1084 793 1151 831 καὶ
1166 795 1277 840 θεοίς
1306 803 1380 832 non
1400 792 1562 832 debebat

159 852 321 893 scribere
345 862 467 901 neque
493 851 562 891 hoc
586 851 668 891 loco
695 852 776 900 »μοὶ
800 852 873 891 τὸν
886 855 966 892 Δία
988 853 1061 892 τὼ·
1085 850 1241 892 ἄνακτα
1254 852 1320 891 καὶ
1337 853 1430 898 τούς
1444 852 1566 899 &sotis

158 911 362 956 ἅπανταςι
378 921 500 960 neque
508 911 685 960 XLvln„
701 913 737 951 2.
756 913 836 961 »μοὶ
847 912 919 951 τᾶν
927 916 1007 952 Δία
1023 913 1094 951 τόν
1106 909 1365 962 μέγισῖτον·).«
1386 911 1563 951 Videmus

162 972 278 1020 igitur
294 967 297 970 ’
312 973 351 1009 in
386 970 539 1010 XXXV.
573 975 612 1008 et
648 971 811 1011 XLVIII.
847 973 972 1011 Iovem
1011 972 1175 1011 invocari
1209 972 1292 1021 pari
1325 971 1485 1022 quadam
1522 974 1562 1010 et

162 1030 303 1069 tumida
329 1029 489 1069 ratione.
542 1030 681 1079 Neque·
701 1042 790 1070 vero
819 1032 1006 1071 assentior
1023 1030 1193 1079 Libanio‚
1217 1031 1280 1081 qui
1302 1029 1568 1070 consuetudiniv

161 1090 263 1136 eius,
300 1088 365 1137 qui
392 1089 508 1127 verba
534 1089 666 1138 faciat,
703 1090 816 1129 tribui
841 1090 934 1129 velit
958 1090 1056 1129 hanc
1079 1089 1324 1129 iurisiurandi
1349 1089 1562 1142 formulam.

160 1147 212 1187 Id*
230 1148 357 1197 potius
385 1146 625 1186 statuendum
651 1151 711 1187 est
735 1148 937 1198 utriusque
962 1148 1145 1188 orationis
1173 1147 1258 1186 illas
1282 1147 1462 1188 formulas
1488 1158 1562 1187 non

160 1216 245 1245 esse
270 1206 544 1245 Demosthenis.
594 1206 833 1255 Quamquam
870 1217 959 1245 vero
990 1206 1061 1245 has
1095 1206 1196 1245 inter
1230 1216 1272 1245 se
1307 1205 1448 1246 similes
1482 1216 1565 1245 esse

161 1264 332 1311 concedo,
360 1267 483 1303 tamen
509 1265 677 1303 eiusdem
698 1264 859 1304 oratoris
877 1275 960 1303 esse
979 1275 1049 1303 nos
1068 1258 1289 1303 concludere
1305 1275 1381 1303 non
1402 1267 1568 1315 oportet.

161 1322 256 1361 Nam
282 1322 396 1361 etiam
415 1322 451 1360 in
472 1323 628 1361 aliorum
648 1322 883 1361 orationibus
901 1321 1069 1361 tumidas
1092 1321 1302 1361 invenimus
1319 1321 1565 1361 iurisiurandi

161 1379 392 1429 formulam),
432 1380 609 1420 Formula
626 1381 771 1431 νήΛία
795 1383 863 1420 aut
888 1380 1068 1419 adiuncta
1088 1383 1155 1419 aut
1173 1380 1312 1419 omissa
1326 1379 1567 1420 adversativa

161 1439 348 1490 particula
387 1439 491 1478 ἀλλοὲ
528 1451 711 1489 persaepe
745 1439 1018 1479 Demosthenes
1060 1438 1201 1488 utitur,
1247 1442 1292 1478 ut
1326 1438 1566 1478 subiectionis

160 1497 315 1546 figurae,
340 1509 436 1546 quae
462 1499 605 1536 Graece
633 1501 793 1537 vocatur
818 1497 1020 1547 ὕποφορᾶ,
1054 1497 1235 1535 maiorem
1262 1496 1404 1537 efficiat
1429 1497 1502 1535 vim
1516 1496 1564 1545 ³).

161 1556 219 1594 Ita
254 1555 369 1594 etiam
402 1555 576 1603 XXXV.,
611 1555 659 1593 48
694 1554 790 1594 hanc
824 1555 1023 1595 formulam
1059 1554 1232 1593 videmus
1267 1555 1431 1604 positam
1469 1565 1565 1594 esse.

161 1614 202 1652 In
234 1624 310 1662 qua
343 1613 581 1662 paragrapho
613 1613 663 1651 ab
699 1617 867 1662 oratore,
902 1613 967 1661 qui
1005 1623 1088 1651 cum
1125 1622 1247 1661 neque
1269 1612 1368 1662 apud
1391 1612 1564 1651 undecim

161 1672 261 1710 viros
298 1682 418 1720 neque
457 1671 556 1719 apud
600 1671 816 1709 archontem
854 1681 975 1719 neque
1010 1671 1110 1718 apud
1144 1679 1269 1719 regem
1305 1681 1427 1719 neque
1461 1670 1564 1719 apud

161 1727 437 1783 polemarchum
482 1739 602 1778 neque
647 1728 749 1778 apud
800 1730 996 1767 curatores
1039 1728 1222 1768 militares
1265 1728 1418 1768 Lacrito
1459 1728 1563 1767 litem

161 1785 305 1825 intendi
348 1797 457 1836 posse
501 1788 752 1835 demonstret,
805 1787 1067 1825 mercatoriam
1109 1787 1213 1825 litem
1257 1786 1450 1831 intendere
1492 1785 1563 1825 sibi

161 1843 273 1884 licere
313 1845 473 1893 probare
514 1845 613 1894 vult,
660 1844 902 1885 subiectionis
945 1844 1065 1894 figura
1103 1844 1305 1894 aliquoties
1343 1848 1562 1895 usurpatur.

164 1903 300 1952 »παρᾶ
331 1906 413 1948 τοῖς
443 1904 594 1942 ἕνδεκα·
630 1904 734 1943 ἄλλοὶ
760 1933 769 1943 .
797 1933 807 1943 .
837 1903 951 1943 ἀλλά
985 1904 1097 1953 παρά
1130 1904 1187 1952 τῷ
1218 1900 1390 1953 ἄρχοντι·
1423 1902 1564 1942 οὐκοῦν

161 1962 379 2014 ἐπικλήρων
405 1993 414 2002 .
441 1992 449 2000 .
472 1992 482 2001 .
509 1963 612 2002 ἀλλά
642 1964 691 2015 νή
727 1967 806 2003 Δία
837 1963 952 2013 παροὲ
984 1964 1042 2012 τῷ
1071 1962 1233 2013 βασιλεῖ’
1255 1992 1562 2002 .........

162 2020 303 2061 οὐκοῦν
319 2022 545 2062 ὑπόλοιπόν
567 2023 676 2062 ἐστιν
695 2023 734 2062 οἱ
749 2023 958 2074 στρατηγοὶ
976 2022 1078 2061 ἄλλά
1110 2051 1298 2062 ......
1304 2036 1322 2058 ‹
1354 2022 1563 2061 Perfectam

163 2090 252 2129 vero
295 2085 335 2120 et
380 2081 594 2120 absolutam
643 2081 885 2122 subiectionis
929 2080 1088 2130 figuram
1126 2092 1147 2119 e
1182 2085 1346 2129 quatuor
1384 2079 1563 2119 membris

246 2168 278 2209 1)
299 2168 420 2201 Earum
445 2167 646 2206 orationum,
679 2168 719 2201 de
742 2168 863 2210 quibus
886 2168 1021 2207 dissero,
1041 2167 1078 2200 hi
1099 2168 1227 2209 septem
1249 2166 1315 2200 loci
1335 2167 1397 2200 soli
1418 2169 1506 2206 sunt,
1528 2168 1563 2200 in

162 2217 285 2258 quibus
307 2218 342 2252 di
363 2218 567 2252 invocentur.

244 2270 278 2310 2)
302 2270 352 2305 cf.
373 2267 423 2303 Ps‘.
442 2270 534 2303 Dem.
557 2270 592 2302 in
614 2270 799 2312 Phaenipp.
822 2269 932 2311 xm„
954 2270 983 2302 6.
1007 2270 1056 2301 17.
1086 2268 1135 2301 cf.
1152 2268 1189 2300 A.
1206 2268 1416 2301 Schaeferum
1440 2279 1473 2310 p.
1493 2269 1566 2302 284.

161 2319 359 2354 Aeschinem
400 2324 538 2363 propter
570 2320 808 2354 tumidissimas
838 2320 997 2354 formulae
1025 2330 1046 2352 a
1077 2318 1298 2354 Demosthene
1333 2319 1468 2352 illusum
1497 2331 1566 2353 esse

161 2372 304 2405 constat.
348 2371 504 2405 Aeschin.
528 2372 600 2411 111„
623 2373 694 2405 260.
736 2372 831 2405 Dem.
852 2371 984 2410 xvm..
1009 2370 1182 2404 126—128.

246 2422 280 2463 3)
301 2421 350 2455 ef.
372 2421 622 2462 Rehdantsium,
641 2423 663 2456 l.
680 2433 718 2462 c„
741 2422 904 2459 mannum
926 2422 948 2455 l.
970 2431 997 2456 o.
1021 2431 1053 2463 p.
1078 2421 1147 2455 152.

1263 2489 1310 2522 δῦ
