1822 2904
240 645 478 734 Orationes
488 685 526 724 in
537 684 789 725 Macartatum
801 685 967 736 (XLIII),
980 687 1019 726 in
1030 687 1337 738 Olympiodorum
1350 689 1551 739 (XLVIII),

150 745 189 784 in
212 745 353 785 Lacriti
379 745 636 794 exceptionem
661 747 854 797 (XXXV),
890 758 987 796 quae
1011 748 1083 787 sub
1109 748 1376 788 Demosthenis
1405 749 1554 788 nomine

153 805 316 844 traditae
341 809 442 855 sunt,
469 805 517 844 ab
543 805 606 844 illo
627 807 925 855 praeclarissimo
944 811 983 846 et
996 809 1161 848 maximo
1180 809 1346 848 omnium
1359 812 1554 848 oratorum

149 876 226 904 non
251 865 477 914 compositas
510 876 592 904 esse
619 866 698 914 jam
725 866 768 904 Ε.
794 867 1072 916 Benselerus1),
1099 869 1142 907 A.
1169 868 1452 917 Schaefems’),
1489 869 1553 907 Fr.

154 924 359 975 Blassius⁸)
385 924 649 974 probaverunt.
700 925 771 972 Qui
797 936 863 965 eas
888 926 1029 965 eisdem
1058 928 1297 977 temporibus,
1322 928 1456 978 quibus
1482 928 1555 967 De·

152 985 367 1025 mosthenes
399 985 570 1033 floreret,
608 984 759 1024 habitas
797 996 883 1024 esse
917 987 1153 1034 existimant,
1192 989 1257 1026 sed
1290 999 1314 1026 a
1348 988 1553 1026 minoribus

151 1044 365 1083 oratoribus
396 1044 579 1092 scriptas3
616 1043 841 1082 Schaeferus
871 1055 1004 1093 porro,
1037 1055 1148 1094 quem
1176 1046 1344 1085 Blassius
1371 1046 1553 1095 sequitur,

153 1104 344 1145 orationes
368 1104 407 1142 in
432 1103 686 1142 Macartatum
714 1107 754 1143 et
779 1103 1087 1153 Olympiodorum
1114 1107 1179 1145 uni
1195 1106 1389 1155 eidemque
1413 1107 1554 1145 oratori

152 1163 370 1201 tribuendas
406 1174 490 1202 esse
526 1163 682 1201 iudicat.
744 1163 952 1211 Blassius‘)
987 1164 1151 1212 denique
1181 1165 1218 1202 in
1253 1166 1475 1213 quaestione
1510 1176 1554 1203 eo

151 1222 342 1273 pervenit,
376 1224 421 1261 ut
447 1225 486 1262 ot
512 1221 581 1261 has
616 1225 694 1261 tres
719 1222 929 1270 orationeS,
965 1233 1062 1273 quas
1088 1223 1221 1272 attuli,
1257 1224 1366 1264 unius
1392 1224 1555 1264 oratorIS

152 1294 269 1332 opera
292 1293 376 1321 esse
401 1293 620 1330 persuasum
646 1282 786 1321 habeat
806 1293 925 1330 neque
946 1282 1066 1321 solum
1085 1283 1155 1321 has
1174 1283 1223 1321 ab
1246 1283 1310 1322 illo
1325 1285 1555 1332 compositas

151 1353 237 1382 esse
262 1344 384 1392 putet,
411 1341 477 1381 sed
504 1341 617 1380 etiam
644 1346 798 1392 praeter
823 1341 982 1392 primam
1008 1341 1217 1381 orationem
1244 1343 1283 1381 in
1309 1342 1556 1393 Stephanum,

150 1413 263 1450 quam
298 1401 540 1440 Demostheni
574 1402 646 1449 ipsi
682 1401 836 1448 tribuit,
869 1411 996 1438 omues
1028 1412 1097 1449 pro
1131 1401 1357 1449 Apollodoro
1391 1403 1554 1450 scriptas

150 1461 357 1502 orationes.
410 1461 454 1500 In
481 1471 592 1510 quam
617 1471 698 1499 rem
721 1459 847 1509 paullo
866 1459 1079 1499 accuratius
1099 1459 1288 1509 inquirere
1307 1472 1392 1500 cum
1415 1472 1554 1510 operae

149 1522 312 1569 pretium
349 1532 433 1559 esse
468 1521 557 1558 mihi
585 1519 796 1567 videretur,
827 1519 1007 1568 proposui
1033 1518 1123 1557 mihi
1150 1530 1250 1558 nunc
1277 1520 1554 1568 praetermissis

152 1579 389 1619 orationibus
421 1579 495 1618 illis
520 1590 588 1628 pro
614 1578 841 1627 Apollodoro
865 1578 1097 1627 perscrutari
1123 1579 1314 1617 orationes
1340 1579 1378 1617 in
1407 1579 1555 1618 Macar-

151 1643 272 1679 tatum
299 1643 340 1678 et
365 1640 404 1679 in
428 1638 733 1688 olympiodorum
759 1641 800 1677 et
823 1638 861 1677 in
878 1638 1019 1677 Lacriti
1040 1637 1307 1686 exceptionem,
1333 1649 1424 1677 num
1445 1639 1555 1677 unius

148 1698 386 1748 eiusdemque
413 1698 578 1737 oratoris
604 1699 741 1736 essent.

246 1769 290 1808 In
323 1769 394 1808 hac
428 1771 553 1807 autem
579 1766 799 1816 quaestione
823 1777 1006 1805 summam
1032 1767 1245 1806 cautionem
1273 1766 1552 1806 observandam

147 1838 230 1866 esse
246 1828 430 1874 existimo,
455 1838 538 1865 cum
557 1827 757 1875 permulta,
782 1836 881 1874 quae
893 1826 1014 1874 primo
1028 1828 1185 1874 aspectu
1194 1825 1325 1864 harum
1339 1827 1551 1865 orationum

147 1887 302 1937 propria
335 1886 536 1927 videantur
570 1896 672 1934 esse,
708 1896 749 1924 re
777 1895 868 1924 vera
895 1885 952 1923 vel
978 1885 1137 1924 aliarum
1163 1895 1310 1934 quoque
1337 1887 1551 1925 orationum

149 1946 208 1984 vel
232 1946 382 1984 omnino
406 1945 569 1983 omnium
596 1947 789 1983 oratorum
815 1945 1027 1982 Atticorum
1056 1944 1264 1983 communia
1290 1945 1378 1984 sint.

248 2015 306 2055 Ab
331 2014 496 2065 antiquis
521 2014 712 2055 orationes
738 2018 777 2054 et
802 2014 841 2053 in
854 2013 1107 2053 Macartatum
1132 2017 1170 2053 et
1190 2014 1228 2053 in
1243 2014 1550 2064 Olympiodorum

146 2078 298 2112 tantum
326 2074 435 2112 abest
458 2077 502 2111 ut
528 2084 694 2121 unquam
719 2073 773 2111 illi
797 2073 1034 2110 abiudicatae
1060 2073 1157 2119 sint,
1191 2076 1237 2110 ut
1261 2073 1320 2110 vel
1348 2073 1552 2121 Dionysius

230 2193 261 2232 1)
284 2192 346 2224 »de
367 2190 483 2223 hiatu«
507 2190 638 2231 Lipsiae
661 2191 740 2223 1841
764 2201 796 2232 p.
824 2190 894 2228 135,
919 2190 988 2228 137,
1013 2190 1088 2227 142,
1115 2190 1170 2222 151
1195 2199 1266 2230 sqq.
1299 2207 1337 2212 —
1371 2189 1432 2221 »de
1454 2189 1550 2221 hiatu

147 2242 182 2275 in
205 2241 440 2276 Demosthenis
463 2240 689 2274 orationibus«
712 2241 802 2275 Frib.
824 2241 916 2274 1848.

228 2305 262 2347 2)
290 2305 549 2338 »Demosthenes
571 2304 638 2336 und
661 2304 754 2339 aeine
774 2304 864 2338 Zeita
889 2303 949 2343 ΙΙΙ,
972 2303 1002 2337 2.
1026 2313 1058 2345 p.
1082 2303 1257 2337 227-241.
1281 2314 1312 2345 p.
1333 2303 1511 2336 286-291.

230 2367 263 2407 3)
288 2366 460 2398 »Attische
482 2365 750 2398 Beredsamkeit‹
774 2365 833 2404 111,
858 2365 887 2398 1.
909 2375 942 2406 p.
966 2364 1142 2397 489-507.

230 2427 264 2469 4)
287 2426 310 2460 1.
330 2434 358 2461 ο.
381 2437 414 2470 p.
435 2427 496 2460 484
521 2436 592 2468 sqq.
616 2436 647 2469 p.
669 2426 740 2461 501.
