1822 2904
944 176 991 213 52

263 305 271 315 .
299 306 308 317 .
337 294 390 326 .«‚
425 277 447 328 9
477 282 522 318 14
550 280 638 319 »καὶ
664 279 704 319 οἱ
725 287 914 331 φρατέρες
940 311 950 320 .
977 311 985 321 .
1015 299 1067 330 .«,
1102 283 1125 332 ἕ
1154 286 1199 322 18
1225 283 1295 321 »vd
1320 285 1395 332 μὲν
1417 276 1672 333 οὖν’πρῶτον

261 338 491 391 διενοήθην,
521 333 554 378 οἳ
579 338 619 379 ὅ.
646 341 681 381 δ.
693 371 704 390 ,
732 341 891 394 γράψας
915 343 960 380 ἐν
985 344 1123 381 πίνακι
1149 340 1336 389 ἅπαντας
1359 343 1454 389 τούς
1476 344 1672 393 συγγενεῖς

259 398 415 448 Ἁγνίου,
442 397 565 445 οὕτως
590 401 855 441 ἐπιδεικνύειν
880 403 977 452 ὑμῖν
999 403 1094 441 καθ’
1119 403 1297 442 ἕκαστον.
1338 404 1479 454 ἐπειδή
1496 404 1531 442 δ’
1543 402 1672 441 ἐδόκει

262 459 332 497 οὐκ
357 454 460 497 εἶναι
483 460 527 505 ἐξ
554 460 643 499 ἴσου
664 460 690 511 ης
712 464 867 511 θεωρία
886 461 1020 501 ἅπασι
1036 464 1119 507 τοῖς
1136 462 1353 511 δικασταῖς,
1379 462 1464 502 ἀλλ’
1481 462 1520 501 οἱ
1536 461 1672 513 πόρῤω

261 519 483 569 καθήμενοι
504 520 821 569 ἀπολείπεσθαι,
841 522 1055 571 α’ναγκαΐον
1075 521 1169 567 ἴσως
1183 523 1269 562 ἐστὶ
1288 522 1454 573 τῷλόγῳ
1467 522 1673 562 διδάσκειν

260 579 382 628 ὑμᾶς·
429 582 548 618 τοῦτο
588 581 664 631 γοὲρ
699 580 833 621 ἅπασι
870 582 1000 620 κοινόν
1036 583 1155 621 ἐστιν.
1207 581 1490 631 πειρασόμεθα
1525 583 1571 620 δὲ
1603 581 1670 620 καὶ

186 673 191 678 .
261 639 373 688 ἡμεῖς
398 639 449 684 ὥς
475 638 529 678 ἄν
555 640 733 689 μάλιστα
754 640 975 690 δυναίμεθα
1000 641 1026 679 δ
1034 655 1047 679 ι
1057 642 1085 679 α’
1112 644 1139 691 β
1149 655 1171 691 ρ
1180 655 1207 679 α
1217 654 1242 690 χ
1251 655 1274 679 υ
1283 655 1306 679 τ
1315 640 1343 679 α’
1353 655 1376 678 τ
1385 654 1447 679 ων
1473 641 1671 688 ἐπιδεῖξαι

262 699 355 747 περὶ
381 701 454 737 τοῦ
479 704 612 748 γένους
636 702 710 738 τοῦ
732 702 910 750 Ἅγνίου.«
972 702 1098 749 Atque
1129 700 1204 739 alia
1231 701 1421 750 permulta
1448 704 1602 741 exstant
1631 701 1669 740 in

261 758 398 797 XLIII.
434 759 681 799 verbositatis
715 760 905 810 exempla,
942 771 1040 810 quae
1074 761 1106 799 si
1139 761 1265 799 omnia
1299 771 1497 800 numerare
1527 760 1669 810 vellem,

262 822 382 857 totam
418 819 635 858 adscribere
671 821 884 859 orationem
919 820 1010 859 mihi
1042 830 1137 869 opus
1170 822 1283 858 esset.
1345 820 1483 859 Sedin
1510 819 1668 869 singulis

262 877 384 925 qualis
412 877 464 916 sit
495 878 587 918 haec
614 879 813 919 verborum
839 879 1001 919 latitudo
1029 878 1310 918 demonstrabo.
1362 879 1555 918 Summum
1580 890 1669 919 vero

263 937 431 976 taedium
467 938 630 977 efficitur
665 939 807 978 crebris
840 939 1129 988 repetitionibus
1161 942 1200 977 et
1224 939 1425 978 verborum
1452 942 1493 978 et
1518 942 1670 979 senten-

263 998 414 1036 tiarum.
467 997 565 1037 Nam
592 999 706 1037 etiam
732 1003 849 1048 atque
874 999 989 1038 etiam
1016 998 1147 1038 eadem
1175 999 1305 1047 verba,
1338 999 1490 1038 eaedem
1518 1002 1670 1039 senten—

265 1058 341 1096 tiae
368 1068 486 1107 usque
514 1059 563 1097 ad
599 1069 779 1098 nauseam
806 1063 1045 1107 repetuntur.
1100 1058 1155 1098 Ut
1183 1059 1301 1108 enim,
1338 1069 1423 1098 cum
1449 1058 1496 1098 de
1522 1058 1670 1098 ratione

262 1119 489 1157 transeundi
524 1122 564 1157 et
602 1119 772 1158 struendi
805 1119 1035 1167 diceremus,
1078 1118 1217 1157 multas
1253 1119 1494 1166 cognovimus
1539 1128 1670 1167 super-

262 1187 446 1216 vacaneas
482 1178 749 1227 repetitiones,
785 1179 841 1218 ita
877 1179 1027 1218 omnino
1061 1177 1170 1217 huius
1206 1178 1389 1216 orationis
1423 1178 1461 1216 in
1498 1177 1669 1217 omnibus

262 1236 341 1275 fere
368 1237 620 1286 paragraphis
647 1238 706 1277 bis
731 1238 790 1277 vel
813 1237 1038 1286 compluries
1062 1238 1238 1285 deinceps
1255 1237 1385 1275 eadem
1404 1237 1522 1276 verba
1546 1237 1670 1286 posita

261 1300 350 1334 sunt
385 1297 444 1334 vel
481 1297 616 1335 eadem
650 1297 839 1336 sententia
875 1297 1063 1345 repetitur
1095 1296 1253 1335 molesta
1287 1297 1438 1335 ratione
1464 1299 1505 1335 et
1534 1296 1668 1335 inutili.

261 1356 400 1401 Quales
428 1356 675 1404 repetitiones
702 1356 912 1395 invenimus
925 1356 1000 1395 iam
1019 1356 1058 1394 in
1071 1356 1201 1405 primis
1227 1355 1373 1395 duabus
1396 1355 1668 1406 paragraphisz

262 1416 403 1456 »οὐδὲν
429 1415 628 1456 παύονται
653 1438 701 1445 -
727 1415 846 1455 ου’δὲν
869 1415 1068 1455 παύονται
1093 1416 1189 1466 ῥᾷον
1215 1414 1596 1467 παρακολουθήσετε
1620 1436 1668 1445 -

260 1477 583 1528 παρακολουθεῖν
619 1476 771 1528 ἄνᾶγκη
806 1508 814 1516 .
852 1506 860 1516 .
893 1477 945 1515 τά
973 1477 1194 1526 πραχθέντ’
1233 1505 1242 1514 .
1277 1505 1286 1514 .
1322 1474 1593 1527 διηγήσασθαι
1621 1496 1668 1504 -

260 1540 502 1588 πειράσομαι
525 1568 534 1578 .
558 1568 565 1576 .
587 1536 792 1577 διδάσκειν
812 1568 820 1577 .
845 1567 853 1576 .
876 1537 969 1587 περὶ
988 1538 1070 1575 τῶν
1086 1541 1413 1586 πεπραγμένωνει,
1443 1557 1482 1564 —-—
1504 1536 1670 1585 itemque

259 1598 297 1636 in
331 1597 604 1646 paragraphis:
647 1600 680 1636 3.
706 1602 808 1646 γένει
833 1591 937 1637 οὖσα
965 1596 1160 1646 ἐγγυτάτω
1187 1616 1235 1624 -
1260 1601 1360 1645 γένει
1386 1598 1461 1645 μὲν
1486 1595 1536 1640 ὥς
1562 1596 1669 1645 ἐγγυ-

258 1661 422 1707 τέρω..;
455 1661 489 1695 4.
518 1657 684 1710 ψευδεῖς
708 1650 806 1708 ἧκον
830 1671 917 1696 κατ.
942 1677 991 1684 -
1016 1655 1060 1694 αἱ
1082 1655 1117 1695 δ.
1145 1686 1153 1695 .
1170 1685 1178 1694 .
1193 1684 1202 1694 .
1229 1656 1525 1706 ἐξηλέγχθησαν
1550 1662 1669 1708 ψευ-

259 1718 364 1762 δεῖς
383 1710 520 1761 οὔσαις
550 1719 607 1755 12.
632 1715 775 1754 τούτου
795 1717 975 1765 α’πέτυχε
994 1717 1059 1754 καὶ
1079 1715 1149 1754 οὐκ
1173 1716 1325 1765 ἐγένετο
1340 1745 1348 1754 .
1364 1745 1373 1755 .
1390 1745 1397 1754 .
1412 1731 1442 1765 .;
1473 1718 1529 1754 15.
1557 1729 1670 1766 προς-

259 1777 474 1816 εκαλέσατο
495 1798 543 1804 -
560 1775 587 1823 ἦ
601 1775 836 1826 πρόςκλησις
856 1777 1020 1825 ἐγένετο,
1045 1775 1403 1824 προςεκαλέσαντος
1432 1776 1488 1812 16.
1513 1772 1540 1825 ἤ
1553 1772 1670 1824 πρός-

258 1837 391 1887 κλησίς
407 1837 572 1882 ἐστι...;
605 1839 661 1875 17.
683 1835 824 1885 δέομαι
846 1835 957 1886 ὑμῶν
972 1857 1019 1863 -
1041 1835 1181 1884 δέομαι
1201 1834 1333 1884 ύμῶνς
1361 1837 1420 1874 22.
1441 1833 1671 1884 οἰκειότερός

258 1897 345 1936 ἐστι
381 1897 447 1934 καὶ
484 1895 666 1947 προςήκει
697 1896 869 1945 μᾶλλον;
907 1898 966 1935 27.
1002 1892 1131 1945 ὄνομα
1164 1896 1244 1933 τῶν
1271 1895 1316 1933 ἐν
1341 1896 1398 1943 τῷ
1428 1893 1538 1943 νόμῳ
1571 1893 1670 1944 εἴρη-

257 1961 389 2005 μένων
413 1956 479 1994 καὶ
505 1961 618 2005 μέχρι
644 1948 701 1994 ὦν
727 1955 748 1993 ὁ
774 1954 895 2004 νόμος
918 1953 1068 1994 κελεύει
1086 1984 1114 1994 ..
1128 1984 1136 1994 .
1158 1952 1284 2004 ὄνομα
1309 1956 1388 1993 τῶν
1413 1955 1457 1993 ἐν
1481 1954 1538 2002 τῷ
1560 1952 1671 2003 νόμῳ

258 2015 473 2067 εἰρημένων
488 2045 496 2055 .
511 2045 519 2054 .
535 2029 563 2061 .;
600 2017 758 2054 32—33.
785 2016 966 2065 ἐνίκησεν
991 2015 1132 2061 sexie83
1165 2017 1224 2053 48.
1248 2017 1307 2052 50.
1334 2013 1427 2052 οὐδὲ
1456 2013 1669 2064 παραπλή-

259 2087 345 2115 σιον
369 2075 448 2125 bis3
494 2075 617 2120 55156,
644 2074 950 2123 ἐπιδικάζεσθαι
979 2096 1025 2103 -
1055 2073 1355 2124 ἐπεδικαζόμην,
1388 2072 1671 2124 ἠμφισβήτησε

265 2158 300 2163 -
333 2135 661 2186 α’μφισβητῆσαις
693 2138 752 2174 59.
781 2135 1069 2185 προςτοίττουσι
1093 2155 1140 2162 -
1167 2132 1456 2183 προςτάττουσι
1478 2155 1527 2162 --
1555 2147 1668 2184 προς-

255 2195 455 2244 ‘minorem
497 2197 556 2234 63.
592 2195 617 2245 ἡ
651 2195 883 2244 Πολέμωνος
915 2194 1072 2245 α’δελφή
1098 2214 1145 2222 -
1173 2193 1330 2242 ἀδελφή
1362 2192 1437 2241 γαρ
1469 2187 1521 2244 ἦν
1546 2192 1668 2232 Πολέ-

256 2268 401 2304 μωνος;
430 2257 550 2300 66167.
578 2253 709 2292 ταῦτα
735 2254 836 2303 λέγει
860 2275 906 2281 -
932 2253 1063 2292 ταῦτα
1090 2254 1190 2302 λέγει
1213 2282 1222 2291 .
1250 2283 1257 2291 .
1285 2282 1294 2291 .

355 2314 411 2353 Eo
437 2314 550 2353 modo
577 2325 646 2363 per
673 2317 796 2353 totam
822 2314 1032 2353 orationem
1056 2312 1279 2362 pronomina
1309 2311 1429 2356 αὐτὸς
1455 2313 1494 2349 et
1520 2302 1668 2360 οὗτοςῐ)

256 2376 483 2422 repetuntur
509 2373 691 2422 imprimis
718 2374 755 2412 in
782 2373 1056 2423 paragraphis:
1091 2375 1123 2410 3.
1149 2371 1305 2409 τουτουὶ
1331 2370 1405 2421 γάρ
1429 2370 1503 2407 τοῦ·
1525 2369 1670 2415 παιδὸς

344 2463 377 2503 1)
400 2462 507 2501 Quam
528 2462 671 2495 eandem
694 2461 930 2504 repetitionem
954 2461 990 2494 in
1011 2460 1224 2508 orationibus
1241 2468 1302 2508 pro
1316 2458 1521 2532 Apollodoro
1541 2457 1673 2501 scriptis

261 2503 522 2537 observaverunt
545 2504 585 2536 Δ.
608 2502 804 2537 Schaeferus
826 2504 847 2537 l.
870 2514 896 2538 c.
923 2514 954 2545 p.
976 2502 1038 2536 188
1059 2503 1094 2536 et
1115 2501 1327 2543 Lortzmgius
1363 2524 1370 2533 .
1393 2509 1421 2533 ο.
1443 2509 1476 2542 p.
1497 2498 1547 2533 84.
