1822 2904
910 188 960 226 60

327 289 434 337 Ergo
457 289 529 329 hae
557 290 770 341 orationes,
806 291 855 331 de
880 292 1029 342 quibus
1044 293 1226 342 ‹lissero‚.
1244 300 1374 333 omnes
1402 294 1636 334 verbositate

229 352 269 388 et
294 349 524 397 loquacitate
550 361 573 389 a
597 350 853 391 Demosthene
878 352 1094 403 abhorrent,
1120 356 1333 401 congruunt
1356 354 1457 392 inter
1484 364 1526 392 se
1548 365 1635 393 ora-

228 408 353 447 tiones
387 408 523 448 XLIII.
563 412 603 448 et
638 409 809 450 XLVIII.
849 411 1004 452 XXXV.
1050 412 1233 452 orationis
1278 414 1424 453 tantam
1465 419 1539 452 non
1578 424 1636 453 re-

228 468 499 516 prehendimus
534 469 775 508 latitudinem
814 471 1009 511 verborum
1035 474 1216 520 quantam
1240 471 1410 520 illarum,
1443 472 1508 511 sed
1541 482 1636 521 eam,

229 538 326 576 quae
352 537 376 565 a
401 526 669 568 Demosthenis
695 529 856 577 privatis
881 531 1116 570 orationibus
1142 530 1267 570 aliena
1293 531 1354 569 sit.
1399 530 1635 570 Dissolutum

230 587 347 635 igitur
373 591 533 635 apparet
560 588 734 627 dictionis
761 600 890 637 genus.

329 646 552 694 Congruunt
583 658 696 696 porro
730 649 920 687 orationes
954 647 1092 687 XLIII.
1119 651 1161 687 et
1185 610 1357 687 XLVIII.v
1393 649 1494 697 inter
1525 660 1566 688 se
1598 650 1636 688 in

229 705 361 745 multis
388 705 645 756 similibusque
671 707 881 756 sententiis,
907 718 1068 757 quarum
1085 707 1216 748 iamin
1235 708 1424 757 prioribus
1439 709 1637 749 nonnullas

230 767 602 805 commemoravimus
629 771 672 805 ut
698 767 790 806 illud
818 768 927 806 »ἔστι
954 767 1000 805 δὲ
1025 768 1174 816 βραχυς
1197 767 1222 807 o‘
1245 767 1375 817 λόγοςα
1403 769 1555 854 (XLIII,
1576 772 1636 809 21.

328 885 436 923 Aliae
460 886 718 934 reperiuntur,
755 890 802 924 ut
826 887 1040 925 orationum
1069 890 1108 924 et
1135 887 1289 925 exordia
1315 891 1356 925 et
1381 852 1637 926 conclusiones

230 944 546 993 praetermittam,
572 955 669 993 quae
696 945 734 983 in
762 945 933 983 omnibus
960 945 1195 984 orationibus
1217 945 1353 984 similia
1373 956 1454 984 esse
1474 949 1638 994 constat,

230 1003 268 1042 in
296 1003 356 1043 his
383 1004 656 1053 paragraphis:

281 1126 315 1162 7.
339 1152 347 1162 .
371 1151 380 1160 .
400 1152 410 1162 .
432 1122 504 1161 τόν
527 1121 651 1172 νόμον
675 1122 847 1161 κελεύειν
863 1153 873 1163 .
895 1154 904 1162 .
921 1154 930 1162 .

230 1182 304 1220 ἐάν
328 1196 385 1226 τις
414 1182 604 1232 βούληται
628 1182 910 1232 ἀμφισβητεῖν.

280 1244 339 1281 20.
375 1245 417 1280 τί
442 1240 494 1280 ἄν
520 1242 595 1291 ἐγώ
620 1242 726 1290 ὑμῖν,
763 1236 795 1280 ὦ
818 1240 860 1281 ἄ.
886 1243 936 1290 δ.,

230 1301 448 1350 πράγματα
480 1306 690 1351 παρέχοιμι
722 1299 748 1352 ἢ
779 1302 937 1350 ἐμαυτῷ

230 1360 486 1412 ἐξηγούμενος
510 1361 603 1410 περὶ
629 1359 800 1400 ἑκάστου
807 1375 823 1408 ,·

280 1424 315 1459 8.
350 1422 416 1458 καὶ
454 1421 593 1471 ἐπειδή
624 1414 716 1470 ἦγεν
750 1420 773 1458 ό
803 1418 937 1469 ἄρχων

229 1479 284 1524 εἷς
309 1480 356 1518 τό
378 1479 629 1531 δικαστήριον
647 1479 713 1517 καὶ
734 1479 815 1517 ἔδει
834 1479 931 1528 α’γω-

229 1542 425 1586 νίζεσθαι,
451 1540 504 1577 τά
529 1553 574 1577 τε
600 1537 703 1577 ἄλλα
729 1533 777 1589 ἧν
802 1539 936 1583 αὐτοῖς

230 1597 390 1636 ἅπαντε
417 1604 766 1647 κατεσκευασμένα
793 1628 802 1637 .
831 1628 840 1637 .
869 1628 877 1637 .

282 1658 342 1699 19.
392 1660 558 1707 γυναῖκα
600 1657 732 1697 αὐτῶν
771 1659 933 1703 ἕκαστος

231 1719 348 1768 ἔγημε
383 1719 487 1756 κατα
529 1718 622 1762 τούς
661 1717 805 1767 νόμους
845 1732 937 1762 τους

229 1777 437 1828 ὑμετέρους
476 1778 542 1816 καὶ
578 1773 721 1822 παῖδες
755 1773 933 1828 ἐγένοντο

230 1837 366 1882 αὐτοῖς
392 1836 525 1876 ἅπασι
552 1866 561 1874 .
591 1868 598 1875 .

282 1900 342 1936 34.
379 1898 444 1935 καὶ
475 1897 663 1946 ὁπότερος
696 1896 847 1935 τούτων
884 1897 939 1934 δι-

229 1957 415 2006 καιότερα
440 1957 563 2005 λέγειν
588 1956 696 2000 δόξει
717 1985 725 1993 .
753 1986 761 1994 .
784 1986 792 1995 .
817 1955 936 2006 δῆλον

229 2015 291 2056 ὅτι
339 2015 468 2065 τούτῳ
514 2015 626 2065 ὑμεῖς
668 2015 706 2054 οἱ
751 2015 936 2055 δικασταὶ

229 2076 531 2128 προςθήσεσθε.

1034 1126 1090 1162 10.
1125 1122 1164 1161 οἷ
1195 1123 1269 1172 γάρ
1295 1123 1411 1172 νόμοι
1434 1122 1638 1169 κελεύουσι

986 1183 1056 1220 τὸν
1066 1182 1309 1232 βουλόμενον
1320 1183 1599 1233 ἀμφισβητεῖν.
1609 1212 1617 1221 .
1626 1212 1636 1220 .

1038 1245 1072 1280 7.
1097 1244 1140 1279 τί
1162 1240 1214 1280 ἄν
1239 1243 1313 1290 ἐγώ
1339 1243 1467 1280 ταῦτα
1485 1241 1636 1292 διηγού-

986 1314 1102 1353 μενος
1120 1298 1148 1350 ἢ
1166 1300 1261 1349 ὑμῖν
1281 1300 1498 1351 πράγματα
1518 1307 1637 1349 παρέ·

979 1373 1085 1410 χοιμι
1106 1374 1130 1409 η
1156 1360 1316 1410 ἐμαυτῷ
1340 1360 1562 1411 ἐνοχλοίην,

1037 1421 1095 1471 23.
1141 1420 1207 1458 καὶ
1241 1420 1331 1458 ἐπεὶ
1365 1421 1637 1470 ανεκρίθησαν

982 1473 1082 1552 πρὸς
1107 1480 1164 1528 τῷ
1182 1476 1344 1533 α’ρχοντι
1369 1509 1378 1517 .
1397 1509 1406 1518 .
1427 1509 1436 1519 .
1462 1493 1527 1517 και
1555 1480 1636 1519 ἔδει

984 1539 1090 1587 αγωι
1091 1540 1284 1586 ίζεσθαι’
1262 1553 1306 1576 εν
1319 1540 1375 1586 τῷ
1379 1537 1636 1590 δικαστηρίῳ,

984 1597 1260 1670 ἀπαράσκευοι
1282 1611 1383 1648 ημει
1409 1628 1417 1636 .
1442 1629 1450 1636 .
1480 1628 1489 1637 .

1033 1660 1093 1697 53.
1114 1660 1280 1707 γυναῖκα
1300 1659 1375 1706 μὲν
1391 1657 1522 1709 α’στήν
1534 1658 1637 1707 κατα

985 1717 1076 1762 τούς
1113 1716 1257 1766 νόμους
1302 1731 1392 1762 τους
1430 1713 1638 1767 ὑμετέρους

988 1776 1239 1816 ουδεπωποτ’
1262 1777 1402 1828 ἔγημεν
1427 1776 1511 1815 ουδ’
1534 1775 1637 1816 εἰσὶν

986 1837 1096 1885 αὐτῷ
1117 1836 1261 1880 παῖδες
1282 1836 1367 1874 οὐδ’
1384 1837 1562 1885 ἐγένοντο
1577 1866 1585 1875 .
1603 1867 1611 1875 .
1628 1868 1636 1875 .

1034 1897 1073 1935 ’3.
1101 1896 1240 1945 δέομαι
1260 1925 1267 1932 .
1287 1925 1296 1934 .
1318 1926 1327 1935 .
1351 1897 1408 1946 τῷ
1428 1896 1478 1936 τοὶ
1504 1894 1637 1934 δίκαια

986 1956 1144 2004 λέγοντι,
1159 1955 1284 2004 τούτῳ
1296 1955 1370 2007 τήν
1383 1957 1523 2009 ψῆφον
1535 1955 1638 2005 ὑμᾶς

987 2017 1253 2065 προςθέσθαι.

332 2146 432 2193 Quos
479 2146 582 2186 locos
624 2146 724 2184 inter
760 2156 800 2184 se
837 2145 1043 2184 simillimos
1077 2144 1245 2194 Uhlius¹)
1281 2144 1394 2184 affert
1427 2149 1467 2184 et
1501 2156 1545 2184 ex
1582 2157 1636 2184 or.

231 2207 388 2247 XXXV.
427 2211 467 2245 et
501 2218 546 2245 ex
582 2206 817 2245 orationibus
848 2204 981 2243 XLIII.
1018 2209 1057 2243 et
1093 2204 1285 2253 XLVIII.‚

1333 2206 1366 2244 ei
1406 2205 1514 2255 parvi
1548 2208 1637 2245 sunt

229 2268 429 2312 momenti3
468 2266 607 2304 similes
642 2266 739 2304 enim
776 2267 819 2303 ut
854 2264 891 2302 in
927 2264 1098 2303 omnibus
1131 2264 1294 2303 omnium
1323 2265 1552 2304 orationibus
1578 2276 1635 2303 re-

229 2327 432 2375 periuntur
459 2326 513 2364 ita
539 2326 575 2363 in
606 2324 870 2364 Demosthenis
897 2324 1046 2372 scriptis
1075 2335 1189 2372 saepe
1216 2327 1384 2373 exstant,
1417 2328 1457 2363 ut
1487 2327 1635 2362 senten-

313 2475 345 2516 1)
369 2475 392 2506 1.
414 2484 440 2506 ο.
467 2473 631 2506 112-113
654 2491 694 2497 -
716 2473 849 2512 erogat.
871 2472 911 2504 ef.
937 2482 969 2513 p.
991 2472 1060 2504 104.
