1822 2904
977 186 1058 223 ‚682

342 300 432 349 dixi,
462 304 542 336 tum
568 298 606 335 in
635 308 692 345 eo,
719 295 840 344 quod,
876 294 940 343 qui
968 293 1067 332 hane
1088 291 1303 332 'orationem
1324 291 1498 340 scripsit-,-
1533 291 1638 331 haud
1658 302 1750 337 raro
1793 296 1813 328 ’τ’

340 361 460 398 utitur
485 357 630 396 facetiis
656 355 701 394 ut
727 356 763 392 in
788 352 1055 402 paragraphis:
1085 356 1102 390 1
1129 362 1212 399 sqq.
1242 352 1299 398 16,
1323 353 1385 389 40.
1408 372 1411 375 -
1604 386 1606 391 .
1646 364 1649 367 ¹
1680 389 1683 390 ⁷
1717 370 1735 376 ··
1765 345 1769 350 ’

438 418 564 463 Quare
615 415 744 463 paullo
789 413 1005 451 vividiorem
1051 422 1133 450 esse
1170 409 1372 449 dictionem
1414 409 1525 451 huius
1563 396 1750 452 orationis·
1808 416 1816 426 ··

341 488 455 525 supra
479 479 583 514 recte
615 473 788 513 iudicavi.
813 494 860 499 —
886 471 962 511 Sed
999 481 1065 510 eas
1098 470 1252 510 facetias
1281 468 1397 518 ‘plane
1434 468 1577 508 alienas
1612 473 1745 509 essee

340 535 592 576 Demosthene
616 537 654 572 et
680 533 723 572 A.
751 530 975 572 Schaeferus
1003 535 1042 570 et
1066 528 1238 570 Blassius
1262 530 1482 568 statuerunt
1495 528 1535 575 ¹).

416 655 447 693 1)
478 655 527 686 cf.
558 653 598 685 A.
630 651 844 683 Schaet'erum
878 649 899 681 l.
934 660 961 681 c.
994 659 1026 689 p.
1054 648 1125 680 291.
1167 646 1218 679 Fr.
1249 645 1413 678 Blassium
1439 645 1462 679 l.
1485 656 1513 679 c.
1536 655 1568 686 p.
1592 645 1653 678 163
1673 623 1745 686 sqq.

340 706 409 741 197.
439 705 510 739 506.
553 704 600 739 cf.
631 702 735 737 etiam
764 701 900 736 Uhlium
931 700 952 734 l.
980 710 1007 734 c.
1037 710 1069 742 p.
1091 698 1141 732 53.
1181 697 1269 739 Quos
1292 706 1372 731 vero
1392 696 1482 730 locos
1507 706 1549 730 ex
1569 695 1687 729 XLIII.
1709 696 1757 728 et⁴

305 795 307 797 ,
342 756 492 792 XLVIII.
525 756 584 788 ille
619 755 765 792 confert,
804 753 835 786 ei
873 752 956 784 mihi
992 752 1126 793 quidem
1165 759 1232 782 non
1263 750 1419 782 videntur
1444 759 1513 781 esse
1544 749 1669 781 similes
1697 747 1745 780 eis

334 807 564 852 paragraphis,
588 816 672 848 quas
693 815 732 839 ex
756 803 891 838 XXXV.
912 797 1026 837 attuli.

858 1067 868 1076 ·
936 1047 1135 1087 Vita.

420 1169 593 1211 Augustus
622 1165 786 1199 Henricus
817 1163 1007 1196 Friderieus
1032 1161 1196 1203 Georgius
1228 1159 1509 1200 Schimmelpt'eng
1534 1159 1635 1190 natus
1670 1168 1745 1190 sum

329 1219 572 1263 Marpurgi‚
603 1219 638 1251 in
670 1217 753 1250 urbe
784 1216 998 1253 Chattorum,
1027 1223 1057 1246 a.
1080 1213 1111 1246 d.
1133 1212 1195 1245 III.
1217 1211 1291 1253 Kal.
1312 1210 1383 1244 Oet.
1404 1220 1436 1243 a.
1457 1209 1491 1242 h.
1514 1219 1540 1243 s.
1560 1208 1628 1242 LX.
1648 1213 1745 1252 patre

339 1273 487 1308 Gustavo
523 1269 823 1311 Schimmelpfeng,
871 1265 1102 1309 philosophiae
1147 1264 1280 1297 doctore
1314 1263 1349 1295 et
1382 1260 1545 1304 magistro
1579 1260 1747 1304 gymnasii

339 1323 602 1368 Murpurgensis,
623 1323 731 1356 matre
745 1319 838 1354 Elisa
859 1328 877 1351 e
900 1319 1000 1361 gente
1013 1317 1142 1349 Schaaf.
1163 1314 1257 1347 Fidei
1270 1313 1429 1346 addictus
1438 1323 1511 1345 sum
1521 1312 1744 1354 evangelieae.

342 1377 499 1411 Scholam
532 1375 745 1409 Ilfeldensem
775 1370 1061 1406 monasterialem,
1092 1378 1191 1408 quam
1222 1367 1319 1408 pater
1351 1365 1395 1397 ab
1425 1374 1514 1396 anno
1541 1364 1573 1396 h.
1597 1374 1622 1396 ε.
1647 1363 1744 1396 Lxx.

339 1428 587 1463 administravit
605 1425 886 1464 administretque
906 1431 1012 1462 usque
1034 1420 1077 1452 ad
1099 1419 1188 1450 hune
1210 1418 1309 1455 diem,
1332 1427 1389 1449 sex
1410 1426 1515 1462 annos
1536 1413 1746 1455 frequentavi

339 1481 453 1522 ibique
481 1481 685 1513 Graecorum
708 1476 1000 1514 Romanorumque
1027 1473 1143 1513 poetas
1172 1473 1207 1503 et
1231 1468 1409 1510 scriptores
1436 1465 1577 1509 diligere
1596 1467 1632 1499 et
1652 1476 1746 1499 caros

343 1533 466 1565 habere
506 1530 619 1563 didici.
662 1530 834 1562 Autumno
868 1525 948 1558 anni
980 1524 1012 1557 h.
1044 1535 1068 1556 ε.
1099 1521 1283 1555 LXXVIII.
1313 1519 1521 1552 maturitatis
1553 1517 1745 1551 testimonio
1787 1519 1790 1524 '

340 1584 524 1616 instructus
547 1592 599 1614 me
622 1579 749 1613 contuli
772 1577 928 1619 Lipsiam,
956 1577 996 1608 ut
1017 1574 1212 1607 inscriberet
1234 1571 1401 1605 studiosus
1421 1569 1637 1613 philologiae.
1679 1568 1745 1602 Ubi

345 1635 458 1669 audivi
488 1634 670 1674 Georgium
702 1630 868 1668 Curtium,
898 1626 1102 1661 Ludovicum
1132 1625 1262 1666 Lange,
1299 1620 1744 1665 Lipsium,-0verhookium‚

345 1685 664 1725 Gardthausenium3
688 1684 863 1724 praeterea
885 1690 945 1722 per
966 1688 1090 1712 annum
1113 1675 1236 1709 sodalis
1246 1674 1295 1707 fui
1309 1673 1539 1716 proseminarii
1552 1669 1747 1715 philologiei

342 1738 453 1780 Lipsio
476 1738 560 1770 duee
585 1735 745 1769 florentis.
789 1732 900 1774 Lipsia
930 1731 1098 1773 profectus
1129 1738 1204 1760 sum
1225 1726 1430 1764 Berolinum,
1460 1724 1519 1757 ubi
1547 1723 1662 1757 audivi
1688 1734 1747 1756 sex

338 1800 398 1832 per
433 1798 563 1822 meuses
598 1785 857 1822 Kirchhoffium,
893 1783 1073 1818 Zellerum,
1106 1780 1281 1811 Ernestum
1315 1777 1481 1815 Curtium,
1517 1775 1746 1817 Droysenium,

342 1840 596 1875 Treitsehkium.
645 1838 730 1870 Tum
766 1847 825 1878 per
860 1845 915 1868 sex
950 1842 1080 1866 menses
1112 1830 1256 1864 aestivos
1288 1827 1502 1870 frequentavi
1539 1827 1744 1862 Bonnensem

343 1892 548 1927 academiam
561 1915 569 1930 ,
607 1890 667 1922 ubi
695 1889 874 1927 Usenerus,
911 1883 1127 1926 Bernaysius,
1164 1881 1251 1915 Guil.
1279 1880 1439 1923 Mangold
1466 1889 1520 1912 me
1550 1878 1744 1912 docuerunt.
1779 1910 1783 1911 ⁷

336 1946 507 1980 Postremo
529 1944 613 1976 duos
633 1952 694 1985 per
715 1949 819 1973 annos
840 1937 1024 1978 Gottingae
1052 1932 1265 1977 philologieis
1294 1941 1347 1964 me
1376 1930 1489 1964 dedidi
1518 1929 1655 1968 studiis,
1686 1928 1746 1961 ubi

340 1999 552 2032 Hermannus
581 1994 730 2036 Sauppe,
759 1991 896 2024 Carolus
919 1988 1074 2029 Dilthey,
1102 1983 1403 2028 Volquardsenius,
1430 1983 1589 2016 Albertus
1614 1980 1746 2014 Ritsehl
1803 1985 1806 1988 ’

336 2060 390 2083 me
412 2048 606 2082 docuerunt.
640 2047 821 2078 Praeterea
838 2041 924 2084 regii
945 2037 1137 2082 philologici
1154 2048 1214 2080 per
1227 2047 1331 2070 unum
1346 2035 1504 2069 semestre
1515 2032 1746 2076 proseminarii

337 2112 398 2145 per
419 2111 526 2134 unum
548 2097 721 2132 seminarii
744 2096 794 2129 fui
817 2093 950 2127 sodalis.
972 2111 1011 2117 -
1036 2091 1181 2123 Examen
1201 2098 1264 2131 pro
1288 2087 1450 2121 facultate
1471 2085 1610 2120 docendi
1629 2084 1747 2127 peregi

337 2164 415 2188 vere
435 2153 516 2187 anni
536 2152 570 2184 h.
595 2161 619 2183 s.
641 2147 827 2182 LXXXIII.
876 2145 947 2178 Iam
979 2143 1022 2176 ab
1052 2144 1214 2175 autumno
1242 2139 1324 2173 anni
1351 2139 1384 2172 h.
1406 2148 1432 2171 s.
1453 2136 1618 2171 LXXXII.
1640 2145 1746 2178 usque

336 2206 381 2238 ad
417 2206 616 2237 autumnum
663 2201 743 2234 anni
780 2197 943 2231 LXXXV.
982 2192 1208 2238 praeceptoris
1246 2201 1384 2239 munere
1421 2190 1555 2222 functus
1593 2198 1666 2220 sum
1707 2186 1745 2220 in

342 2256 518 2300 gymnasio
540 2252 717 2291 Verdensi,
748 2251 826 2284 inde
856 2258 960 2290 usque
989 2247 1032 2280 ad
1059 2246 1259 2278 autumnum
1287 2241 1367 2274 anni
1393 2240 1425 2274 h.
1455 2250 1480 2273 s.
1507 2238 1685 2272 LXXXVI.
1710 2238 1746 2270 in

337 2307 512 2351 gymnasio
535 2303 708 2342 Emdensi‚
739 2302 818 2334 inde
845 2309 949 2341 usque
970 2298 1013 2331 ad
1034 2297 1124 2329 hunc
1147 2295 1233 2328 diem
1256 2302 1392 2326 munere
1414 2291 1566 2333 magistri
1587 2289 1746 2323 ordinarii

337 2361 372 2393 in
394 2358 563 2392 Hildesiae
588 2354 772 2399 gymnasio,
796 2352 884 2394 quod
907 2351 1045 2383 vocatur
1067 2347 1291 2380 Andreanum.
