1822 2904
900 174 949 211 10

217 279 349 317 critico
386 281 576 328 queritur,
613 279 713 327 quod
744 279 816 317 sibi
840 278 1094 318 confitendum
1120 279 1171 316 sit
1197 290 1238 317 se
1264 278 1410 327 aliquot
1434 279 1515 317 loca
1542 279 1625 318 eius

223 338 425 386 pvrplexae
470 338 652 376 orationis
693 348 827 386 parum
872 338 1092 386 intellegere
1136 336 1421 388 »ἐπιγράφεται
1456 339 1531 387 μὲν
1565 331 1637 376 οὖν

222 397 358 436 οὑτοσὶ
386 398 408 436 o‘
430 398 542 447 λόγος
577 398 676 447 πρὸς
703 397 989 446 Μακάρτατον,
1025 397 1278 435 ἀθλιώτατον
1311 396 1346 433 δ’
1372 395 1426 434 ἄν
1460 396 1639 447 ποιήσειε

222 455 294 493 τόν
328 470 372 493 τε
399 455 668 507 ἑρμηνεύοντα
701 457 767 494 καὶ
798 457 870 494 τὸν
897 455 1156 507 ἐξηγούμενον
1180 455 1246 493 καὶ
1273 455 1398 500 πολῠς
1417 458 1492 505 μὲν
1517 456 1560 494 ἐν
1584 458 1641 506 τῷ

223 515 321 565 λόγῳ
352 516 374 553 o‘
409 517 501 565 περὶ
533 516 677 565 Ἁγνίου
709 515 837 565 λόγος,
873 514 1015 566 ἣκιστα
1040 516 1075 554 δ’
1102 515 1258 565 ἁγνεύει
1283 515 1484 554 πλείστων
1510 515 1635 566 σφαλ-

223 575 362 625 μάτων
406 577 471 613 καὶ
508 575 716 620 δύςκολιιῦν
750 575 772 614 ὅ
811 575 923 625 λόγος
956 575 1098 625 νόμους
1132 589 1176 613 τε
1211 576 1310 624 ἔχων
1348 575 1539 620 παλαιοϋς
1570 575 1637 614 καὶ

222 636 424 686 χρησμούς
448 635 684 680 α’λλοκότους
709 636 775 673 καὶ
800 635 1045 685 γενεαλογίας
1078 636 1337 685 δυςεφίκτους.
1365 656 1410 662 -
1441 635 1489 673 Et
1516 635 1562 674 G.
1588 635 1636 674 H.

224 694 444 733 Schaeferus
479 696 559 743 ipse
596 695 693 733 hanc
728 695 940 733 orationem
983 694 1170 733 difficilem
1203 705 1286 732 esse
1324 693 1513 733 intellectu
1547 706 1636 732 con·

225 753 336 792 cedit.
404 754 508 800 Quas
556 753 799 793 difficultates
851 757 896 792 ut
940 753 1137 802 tollerent,
1187 763 1413 806 quamquam
1460 753 1635 803 permulti

224 812 390 851 homines
419 813 519 851 docti
547 813 583 851 in
612 823 694 851 eam
726 813 932 852 orationem
966 813 1261 862 inquisiverunt,
1304 817 1427 851 tamen
1461 824 1544 852 eam
1581 815 1636 852 ita

225 874 444 920 restituere,
481 877 524 912 ut
561 873 687 911 omnia
722 873 827 912 clara
859 876 898 911 et
922 873 1121 922 perspicua
1147 877 1396 922 apparerent,
1432 873 1522 912 nulli
1549 884 1635 912 con-

225 933 323 980 tigit.
348 955 393 960 —
422 932 473 971 Et
496 933 577 982 ipse
600 943 680 971 cum
702 944 834 971 omnes
860 932 910 971 ad
930 943 1012 972 eam
1039 932 1289 971 hereditatem
1315 933 1548 981 pertinentes
1574 945 1635 972 res

224 993 338 1030 etiam
367 995 486 1042 atque
512 993 626 1031 etiam
649 1003 791 1032 mecum
820 1002 1138 1042 recognoscerem,
1165 1003 1246 1031 cum
1273 1003 1333 1031 me
1353 992 1469 1031 solum
1490 996 1632 1032 rectum

224 1053 458 1101 excogitasse
485 1064 599 1102 saepe
624 1054 815 1102 opinarer,
851 1057 1045 1102 postremo
1073 1056 1198 1091 tamen
1222 1064 1342 1091 novae
1366 1052 1633 1101 dubitationes,

225 1113 272 1150 cle
303 1113 441 1162 quibus
478 1117 594 1151 antea
629 1125 701 1151 non
738 1114 1012 1161 cogitaveram,
1044 1112 1298 1151 occurrebant.
1351 1112 1480 1160 ltaque
1505 1123 1635 1150 omnes

225 1171 468 1210 difficultates
504 1172 584 1211 tolli
619 1183 729 1221 posse
766 1173 872 1211 nobis
903 1173 1177 1221 desperandum
1206 1183 1289 1210 esse
1313 1183 1458 1210 censeo.
1488 1192 1532 1198 -
1558 1172 1632 1211 Sed

225 1236 407 1281 quantum
435 1243 502 1280 pro
532 1232 674 1270 viribus
710 1233 802 1270 meis
836 1243 1010 1280 possum,
1045 1243 1146 1270 nunc
1180 1242 1241 1269 res
1275 1242 1422 1278 omnes,
1457 1243 1556 1280 quae
1583 1232 1632 1270 ad

224 1302 306 1329 eam
334 1301 486 1330 causam
515 1291 718 1339 pertinent,
747 1291 956 1340 explicabo,
1006 1291 1082 1330 Res
1106 1294 1233 1330 autem
1254 1290 1423 1339 singulae
1440 1295 1483 1329 ut
1498 1291 1632 1330 melius

223 1355 262 1389 et
288 1351 446 1389 celerius
473 1351 753 1400 intellegantur,
779 1351 948 1390 tabulam
970 1351 1120 1399 generis
1142 1351 1402 1390 Buselidarum
1425 1361 1632 1399 apponam:
