1822 2904
110 296 259 349 explere
283 286 462 339 vidimus,
495 300 572 329 non
596 281 817 328 invenimus.
866 287 917 326 Et
942 286 1132 335 prioribus
1157 285 1388 336 temporibus
1413 295 1506 334 quas

109 353 300 399 orationes
312 349 584 392 Demosthenes
610 350 743 387 contra
767 345 949 394 tutores¹)
975 344 1120 393 habuit,
1148 345 1186 384 in
1208 346 1263 384 eis
1284 343 1507 394 quamquam

111 417 299 457 oratorem
324 410 489 450 fortasse
515 405 692 447 nonnulla
712 406 750 445 in
771 405 891 444 maius
910 404 1093 444 extollere
1111 404 1354 453 concedimus,
1381 413 1510 453 quam-

113 484 225 527 quam
259 468 450 510 interdum
486 467 638 517 spinosa
671 464 781 505 nobis
810 464 987 504 videntur
1015 469 1240 513 argumenta
1265 464 1511 515 acutulaeque

112 528 418 576 conclusiones2),
458 529 584 565 tamen
619 526 658 564 in
691 536 754 574 eo,
790 524 889 574 quod
924 527 1040 573 caput
1078 527 1161 574 est,
1203 527 1315 564 acuta
1348 527 1510 574 apparet

115 587 394 642 argumentatio
419 590 458 626 et
481 597 546 635 ea,
582 597 677 636 quae
708 584 890 626 iudicibus
914 584 1028 635 plane
1052 584 1282 634 persuadeat
1305 584 1352 625 de
1377 584 1513 624 Demo-

116 652 259 694 sthenis
284 650 386 688 iusta
410 658 533 685 causa.
562 668 609 674 —-
637 646 695 685 Ab
721 645 788 684 illo·
812 645 930 693 igitur
955 645 1169 692 orationes,
1205 645 1254 683 de
1280 644 1413 693 quibus
1440 644 1515 683 dis-

118 722 217 759 sero,
240 710 342 749 certo
369 716 442 745 non
469 705 657 755 profectae
681 707 780 745 sunt.
828 704 933 743 Inter
948 715 987 743 se
1000 714 1088 743 vero
1102 707 1314 754 congruunt
1324 703 1513 743 orationes

118 770 253 812 XLIII.
269 772 309 807 et
322 766 492 806 XLVIII.
520 765 558 805 in
583 765 693 805 simili
720 764 884 814 quadam
909 768 949 804 et
973 764 1159 804 imbecilla
1180 764 1516 813 argumentationis

119 830 277 870 ratione.
328 825 556 872 Quibuscum
582 825 771 864 consentit
795 824 917 863 oratio
941 824 1095 864 XXXV.
1122 824 1160 862 in
1185 835 1249 872 eo,
1276 825 1377 872 quod
1407 827 1451 863 ut
1477 824 1515 863 in

118 889 193 930 illis
230 888 285 927 ita
320 886 359 925 in
392 884 464 924 hac
487 888 617 925 orator
641 884 791 924 videtur
817 884 966 923 omnino
994 884 1190 934 ignorare,
1225 884 1314 934 quid
1340 884 1378 923 in
1405 895 1518 924 causa

72 980 75 982 .
120 961 188 990 sua
223 946 373 987 maximi
409 946 462 985 sit
494 946 693 992 momenti;
735 945 851 983 distat
883 955 972 983 vero
1005 944 1055 982 ab
1090 944 1165 983 illis
1190 945 1228 982 in
1255 955 1318 993 eo,
1352 945 1451 993 quod
1479 945 1516 983 in

125 1007 238 1047 rebus
262 1005 439 1054 ‚singulis
482 1004 632 1043 videtur
663 1004 871 1053 loquacitas
907 1014 980 1042 non
1014 1006 1123 1042 tanta
1154 1014 1259 1052 esse,
1302 1007 1444 1054 quanta
1483 1005 1518 1044 in

123 1066 265 1107 duabus
299 1065 452 1114 reliquis
488 1064 737 1104 orationibus.
788 1064 829 1103 In
860 1063 1032 1103 omnibus
1063 1075 1150 1102 vero
1184 1064 1258 1103 illis
1287 1064 1520 1104 orationibus

126 1130 313 1166 oratorem
343 1126 599 1173 cognoscimus
624 1134 755 1173 parum
781 1126 892 1162 acuto
918 1126 957 1162 et
982 1123 1107 1171 sagaci
1130 1123 1279 1172 ingenio
1296 1124 1521 1173 praeditum.

222 1183 364 1232 Quodsi
389 1184 627 1233 quaerimus,
656 1183 840 1233 quomodo
866 1182 1007 1223 factum
1033 1183 1100 1232 sit,
1127 1186 1169 1222 ut
1193 1183 1394 1233 Dionysius
1419 1183 1522 1223 Hali-

126 1244 385 1284 carnassensis
416 1244 585 1293 quamvis
617 1246 729 1282 acuto
755 1243 902 1291 ingenio
926 1243 1124 1292 praeditus
1153 1243 1413 1283 Demosthenis
1439 1247 1523 1282 arte

125 1303 258 1352 dignas
292 1313 377 1342 esse
407 1306 577 1342 censeret
600 1302 733 1341 harum
759 1302 971 1341 orationum
999 1305 1039 1341 et
1063 1302 1335 1342 Macartateam
1363 1306 1403 1342 et
1427 1314 1522 1352 eam,

124 1372 221 1411 quae
255 1365 315 1401 est
348 1362 387 1401 in
420 1361 747 1411 olympiodorum,
780 1361 945 1410 Lysiano
969 1373 1071 1400 more
1098 1362 1323 1411 compositas
1351 1373 1416 1401 eas
1441 1374 1524 1402 esse

124 1422 223 1462 illum
259 1421 423 1461 iudicare
455 1433 502 1461 ex
536 1421 660 1470 capite
685 1421 782 1461 XIII.
819 1420 918 1460 illius
951 1420 1036 1460 libri
1070 1421 1141 1461 »de
1172 1421 1395 1462 admiranda
1422 1423 1457 1462 vi
1484 1423 1521 1462 in

125 1481 399 1522 Demosthene«
434 1481 614 1523 videmus.
665 1482 705 1521 In
737 1484 898 1531 utraque
932 1481 1031 1521 enim
1064 1482 1188 1522 omnia
1220 1494 1303 1522 esse
1328 1486 1369 1522 et
1393 1482 1523 1523 brevia

125 1545 164 1582 et
188 1552 279 1582 vera
307 1545 346 1581 et
369 1541 551 1591 simplicia
577 1545 617 1581 et
643 1544 800 1580 morata.
853 1541 1020 1589 Quarum
1045 1541 1230 1581 virtutum
1252 1553 1340 1582 num
1356 1542 1521 1582 brevitas

125 1605 164 1642 et
189 1602 338 1642 veritas
371 1602 579 1641 orationum
615 1601 741 1641 XLIII.
769 1604 808 1640 et
832 1600 994 1641 XLVIII.
1029 1601 1107 1640 sint
1134 1602 1329 1651 propriae,
1366 1601 1521 1641 dubium

126 1661 274 1702 videtur
298 1673 344 1701 ex
371 1662 438 1710 eis,
463 1672 559 1711 quae
584 1661 657 1700 iam
683 1660 932 1709 exposuimus,
956 1663 996 1700 et
1022 1672 1069 1699 ex
1093 1661 1158 1709 eis,
1185 1672 1281 1710 quae
1306 1665 1441 1713 postea
1467 1662 1523 1701 in-

124 1721 353 1770 tellegemus.
406 1720 691 1769 Simplicitatem
728 1731 817 1759 vero
851 1722 891 1758 et
926 1719 1019 1758 illud
1053 1713 1208 1770 ἧθοςθ),
1243 1731 1342 1770 quae
1366 1722 1524 1761 maxime

125 1779 335 1820 admiratur
361 1780 560 1829 Dionysius
587 1779 625 1818 in
651 1779 710 1818 his
733 1778 981 1828 orationibus,
1007 1779 1176 1830 equidem
1197 1780 1371 1820 laudibus
1390 1780 1524 1821 efferre

126 1851 198 1879 non
233 1851 402 1890 possum.
462 1840 748 1889 Simplicitatem
784 1839 881 1878 enim
918 1839 952 1878 si
982 1840 1132 1878 omnino
1168 1841 1443 1891 cognoscimus,
1478 1852 1525 1881 ea

127 1911 202 1939 non
225 1903 285 1939 est
306 1900 481 1950 Lysiana,
510 1899 576 1939 sed
603 1898 702 1938 omni
727 1901 833 1938 caret
860 1901 955 1938 arte.
1005 1898 1137 1950 Neque
1163 1900 1261 1940 enim
1283 1911 1421 1950 magna
1442 1905 1525 1941 arte

127 1959 197 1999 has
223 1960 414 2000 orationes
439 1959 665 2009 compositas
692 1970 777 1998 esse
804 1962 843 1997 et
867 1958 906 1997 in
928 1959 1107 2007 proximis
1127 1964 1303 2000 accurate
1327 1961 1527 2011 explicabi-

127 2030 211 2059 mus
240 2023 280 2060 et
305 2020 379 2059 iam
405 2019 578 2059 vidimus.
609 2041 648 2047 —
679 2018 774 2058 [llud
798 2029 888 2057 vero
913 2012 1030 2069 ἦθος,
1063 2019 1161 2070 quod
1187 2020 1223 2058 in
1248 2022 1413 2071 utraque
1441 2031 1525 2059 ora-

127 2078 229 2119 tione
254 2082 404 2119 exstare
430 2079 613 2129 concedo,
649 2078 742 2118 nihil
768 2090 852 2119 esse
877 2078 950 2118 nisi
977 2079 1211 2129 splendidam
1237 2081 1417 2130 speciem,
1450 2092 1526 2132 qua

129 2141 260 2178 orator
285 2150 351 2179 seu
377 2139 586 2189 improbam
612 2149 716 2179 suam
739 2149 890 2178 causam
907 2149 975 2178 seu
993 2138 1151 2178 debilem
1164 2140 1529 2188 argumentationem

212 2299 243 2340 1)
267 2299 314 2333 cf.
339 2300 377 2332 A.
401 2299 613 2333 Sohaeferum
635 2301 660 2334 1.
683 2312 715 2342 p.
736 2301 817 2340 261;
843 2301 1006 2334 mmmm
1025 2274 1058 2343 ‘13
1079 2301 1139 2334 199
1157 2312 1227 2342 sqq.

210 2360 244 2403 2)
267 2361 315 2394 cr.
337 2360 432 2395 onet.
455 2361 496 2394 11.
516 2362 545 2395 9.
1091 2356 1094 2360 '

213 2422 248 2464 3)
270 2423 323 2456 cui
345 2423 487 2458 Romani
509 2434 577 2457 non
598 2423 763 2457 dederunt
785 2422 956 2465 proprium
980 2433 1108 2457 nomen.
1152 2423 1200 2457 Cf.
1223 2424 1262 2457 R.
1285 2424 1532 2461 Volkmannum

137 2471 318 2507 »Rhetorik
341 2474 399 2507 der
420 2474 582 2509 Grieoheu
604 2475 673 2508 und
691 2474 842 2508 Romen.
