1822 2904
793 142 844 182 2⁷

127 249 407 301 propinquitate
448 251 692 301 concludat1).
753 251 984 300 Theopompi
1025 251 1122 291 enim
1162 251 1201 290 in
1246 250 1389 290 familia
1424 259 1521 299 quae

130 309 281 349 nomina
317 310 355 348 in
390 322 461 350 usu
494 310 591 359 sint,
625 320 671 349 ea
695 310 847 350 diversa
871 321 955 349 esse
981 310 1029 349 ab
1054 311 1129 358 eis,
1164 322 1261 359 quae
1286 310 1324 348 in
1350 308 1525 357 Hagniae

130 362 292 407 familiae
326 368 540 408 audiantur.
591 367 802 407 Eubulidae
829 380 916 407 vero
950 367 1129 406 familiam
1157 379 1271 407 unam
1295 367 1527 414 eandemque

131 436 214 465 esse
252 429 365 475 atque
402 427 576 477 Hagniae
597 460 600 462 ,
622 426 807 466 iudicibus
851 425 1079 477 persuadere
1122 429 1279 466 conatur
1317 425 1528 466 Sositheus.

130 484 204 525 Sed
231 485 263 524 si
291 485 482 526 nobiscum
509 487 809 534 recognoscimus
836 485 1002 524 tabulam
1025 485 1194 534 generis,
1223 485 1382 534 singulis
1407 483 1528 532 genti-

130 543 214 592 bus,
240 554 336 593 quae
359 557 383 584 a
400 545 526 584 Buseli
551 544 638 583 filiis
664 549 771 583 ortae
794 548 895 594 sunt,
921 544 1078 593 propria
1095 547 1135 582 et
1155 543 1361 592 singularia
1378 542 1529 580 nomina

130 613 213 643 esse
237 602 499 653 intellegimus,
528 602 674 646 duabus
701 604 759 643 vel
785 602 1035 653 compluribus
1062 602 1236 651 gentibus
1261 611 1456 642 commune
1482 610 1529 638 ne

132 673 245 702 unum
281 662 442 711 quidem.
493 662 629 711 Itaque
662 666 792 702 orator
823 663 854 702 si
879 673 948 711 per
976 665 1095 700 totam
1123 662 1330 700 orationem
1358 659 1527 708 Hagniae

131 720 411 771 Eubulidaeque
444 720 609 759 familias
644 723 823 771 tanquam
855 732 966 761 unam
994 721 1269 770 complectitur,
1298 730 1371 758 non
1398 727 1527 757 verum

133 791 218 819 eum
262 779 384 819 dicere
416 790 486 818 nos
522 779 690 819 confiteri
728 784 887 830 oportet.
941 780 1071 829 Neque
1106 791 1195 819 vero
1234 778 1414 818 mentitur
1449 780 1526 816 tam

131 839 263 879 callide
291 843 330 878 et
354 842 465 879 caute
491 849 601 888 quam
623 839 886 889 Theopompus
913 841 951 878 in
978 840 1101 888 priore
1125 850 1244 879 causa
1271 839 1318 877 de
1341 839 1422 877 iure
1447 847 1531 884 suo,

131 898 197 938 sed
231 898 306 943 ita,
340 901 385 937 ut
418 909 547 937 omnes
573 897 742 938 fraudem
773 898 882 938 facile
907 899 1151 947 perspiciant,
1200 898 1269 937 His
1296 894 1527 945 argumentis

131 962 171 996 et
205 957 377 996 inanibus
423 960 463 995 et
500 956 662 996 infirmis
696 968 911 1005 repugnare
950 969 1024 996 non
1060 957 1208 996 difficile
1243 959 1338 995 erat.
1403 954 1528 1000 Quare

135 1014 369 1055 Macartatus
396 1015 428 1054 si
456 1015 689 1055 defensorem
714 1014 847 1054 habuit
868 1026 997 1064 parem
1022 1015 1081 1055 vel
1103 1016 1260 1055 similem
1274 1015 1395 1061 Isaeo,
1421 1010 1529 1050 facile

132 1076 256 1127 potuit
291 1076 437 1115 vincere
471 1076 743 1116 adversarium.
805 1075 875 1115 Cui
909 1076 971 1115 ille
1014 1077 1139 1125 potuit
1177 1085 1362 1126 opponere
1397 1071 1529 1128 Phylo-

132 1134 288 1174 macheu
315 1135 467 1184 eiusque
492 1136 668 1175 maritum
693 1135 864 1184 quamvis
891 1135 1143 1184 compluribus
1163 1135 1273 1174 annis
1299 1136 1388 1172 ante
1413 1132 1529 1171 victos

131 1194 311 1242 impetum
337 1193 459 1233 facere
485 1193 522 1233 in
553 1205 593 1233 se
619 1195 949 1245 possessionesque
979 1205 1068 1234 suas
1093 1198 1222 1244 petere
1248 1205 1321 1233 non
1348 1191 1530 1231 desinere.

133 1253 228 1292 Nam
243 1252 457 1292 Sositheum
486 1253 680 1292 dulcedine
706 1254 951 1302 possessionis
979 1257 1132 1302 captum
1153 1253 1326 1302 Hagniae
1350 1251 1532 1290 bonorum

132 1311 472 1359 recuperandorum
500 1322 603 1359 spem
638 1322 711 1349 non
740 1311 933 1351 abiecisse.
989 1311 1131 1358 Quibus
1157 1315 1201 1350 ut
1226 1312 1433 1360 potiretur,
1467 1319 1532 1356 op-

134 1373 336 1419 portunum
384 1369 417 1408 ei
463 1369 581 1409 visum
632 1381 714 1408 esse
760 1372 908 1419 tempus
948 1373 986 1409 et
1024 1370 1262 1420 Theopompo
1305 1373 1455 1408 mortuo
1495 1370 1534 1405 et

133 1428 317 1467 Eubulida
342 1428 408 1467 ΙΙΙ.
434 1431 538 1466 nato.
596 1428 711 1475 Quem
746 1439 792 1466 ne
828 1428 1069 1468 adversarius
1101 1430 1318 1479 exceptione
1348 1428 1403 1467 rei
1435 1426 1534 1465 iudi-

134 1490 244 1527 catae
282 1487 337 1526 uti
370 1490 522 1536 posset,
558 1487 595 1525 in
629 1487 839 1526 Eubulidae
873 1488 918 1527 ΙΙ.
954 1488 1104 1528 domum
1143 1488 1402 1538 adoptatum2)
1437 1498 1532 1534 esse,

135 1557 230 1594 non,
268 1546 364 1595 quod
401 1545 596 1584 simularet
633 1546 851 1593 Sositheus,
893 1549 936 1584 ut
971 1550 1011 1585 et
1043 1547 1251 1586 Eubulidae
1287 1550 1327 1585 et
1361 1545 1531 1593 Hagniae

134 1606 274 1646 familia
299 1608 527 1646 servaretur.
578 1606 658 1653 Quo
685 1605 827 1645 factum
853 1617 947 1655 esse,
974 1611 1017 1646 ut
1041 1607 1088 1646 de
1109 1607 1317 1646 hereditate
1338 1607 1530 1654 litigarent

132 1678 206 1706 uon
249 1667 321 1704 iam
367 1669 411 1704 ut
449 1667 552 1714 prius
588 1665 838 1714 Phylomache
873 1667 920 1704 11.
962 1671 1089 1704 contra
1120 1667 1420 1715 Theopompum,
1462 1666 1529 1703 sed

133 1725 336 1765 Eubulides
362 1725 403 1764 Π.
430 1727 563 1778 contra
587 1724 853 1764 Macartatum.
915 1726 976 1764 Ita
1001 1725 1094 1774 legis
1120 1726 1267 1765 literam
1293 1726 1529 1765 observatam

132 1797 226 1826 esse.
277 1785 528 1834 Adoptionem
569 1796 657 1824 vero
697 1786 816 1833 ipsam
854 1785 1054 1824 secundum
1086 1786 1221 1834 leges²)
1265 1786 1403 1824 factam
1446 1796 1529 1824 esse

132 1845 303 1896 quamvis
329 1844 571 1894 concederet,
605 1848 732 1886 tamen
758 1843 815 1883 fas
842 1855 923 1884 esse
951 1856 990 1883 se
1021 1856 1160 1894 negare
1185 1844 1431 1884 hereditatem
1455 1845 1529 1883 iam

132 1906 234 1956 patri
277 1916 342 1945 suo
375 1905 629 1945 adiudicatam
667 1905 705 1944 in
740 1905 1033 1944 controversiam
1069 1906 1195 1945 vocari
1230 1917 1254 1944 a
1287 1917 1420 1954 puero,
1465 1905 1529 1953 qui

132 1965 296 2005 nondum
341 1967 455 2004 natus
498 1968 615 2013 esset,
664 1975 745 2004 cum
788 1965 822 2004 ei
868 1964 1170 2004 adiudicarentur
1211 1965 1381 2014 Hagniae
1419 1966 1530 2004 bona.

133 2025 255 2065 Multo
299 2025 398 2063 enim
440 2029 607 2073 tempore
652 2025 848 2064 interiecto
894 2036 977 2064 cum
1013 2025 1087 2064 iam
1121 2026 1355 2065 Macartatus
1388 2026 1530 2065 iniisset

132 2084 254 2135 patris
288 2083 556 2130 hereditatem,
594 2084 696 2123 illum
728 2096 883 2133 puerum
923 2088 1055 2124 natum
1092 2097 1185 2125 esse.
1247 2086 1352 2125 Tunc
1383 2086 1528 2124 demum

136 2145 217 2185 eius
242 2150 420 2194 parentes
446 2144 568 2183 denuo
600 2145 637 2182 in
664 2155 706 2183 se
731 2147 774 2183 ut
799 2144 987 2193 quondam
1014 2145 1052 2183 in
1079 2145 1356 2195 Theopompum
1382 2149 1529 2196 patrem

219 2284 251 2325 1)
271 2283 318 2316 Cf.
340 2284 360 2325 9
383 2284 432 2322 50,
455 2282 588 2315 76-77.
609 2300 647 2306 --
672 2282 750 2323 §48
771 2292 853 2323 sqq.¹
877 2283 917 2314 73
940 2292 1012 2323 sqq.

217 2335 251 2376 2)
272 2334 377 2374 Quam
399 2333 608 2376 adoptionem
635 2344 652 2366 e
681 2333 811 2376 legibus
838 2333 960 2366 factam
983 2344 1052 2367 esse
1073 2343 1138 2366 non
1160 2335 1210 2366 est
1233 2334 1321 2374 quod
1344 2334 1534 2367 dubitemus

136 2397 211 2420 eum
234 2386 343 2419 Uhlio.
388 2385 450 2426 Qui
473 2396 558 2426 quae
580 2385 621 2418 de
644 2385 937 2427 argumentatione
959 2385 1127 2427 scriptoris
1148 2394 1193 2416 or.
1215 2384 1440 2419 Macartateae
1463 2386 1484 2418 l.
1508 2397 1535 2418 c.

138 2448 169 2482 p.
195 2438 231 2470 11
252 2448 323 2481 sqq.
348 2438 415 2470 15--
432 2437 469 2469 16
492 2436 632 2476 disserit,
656 2439 748 2470 recta
770 2436 852 2469 mihi
874 2447 942 2469 esse
964 2446 1030 2469 non
1054 2436 1217 2469 videntur.
1238 2472 1240 2476 Α
