1822 2904
0 103 49 128 ἤϊ’-1

836 157 885 205 25

159 271 294 327 hensos
328 273 500 321 velimus,
533 272 602 312 sed
635 272 769 320 etiam,
807 282 968 321 quorum
992 274 1124 321 patres
1149 271 1250 311 inter
1274 281 1314 311 se
1343 270 1551 311 consobrini

163 334 250 380 sint,
275 343 371 383 quos
392 331 541 381 quidem
567 330 695 369 Latini
719 330 846 369 dicant
871 331 1056 380 sobrinus,
1084 332 1152 370 hos
1179 332 1314 379 (inter
1338 329 1406 380 se)
1433 330 1555 369 vocari

161 393 202 431 et
228 387 473 444 ἀνεψιαδοῦς
504 392 543 428 et
575 389 756 442 α’νεψιῶν
789 388 940 433 παῖδας
973 390 1030 428 vel
1066 390 1110 436 ἐξ
1136 390 1316 444 ἀνεψιῶν
1341 387 1555 438 γεγονότας.

151 446 313 490 Priores
337 449 422 488 illos
449 448 592 497 quinto,
618 447 688 486 hos
713 450 838 486 autem
863 452 970 487 sexto
991 449 1110 497 gradu
1124 452 1306 498 cognatos
1328 459 1422 487 esse.
1471 449 1557 488 Illos

163 511 253 547 vero
277 506 459 560 α’νεψιῶν
480 506 647 554 παῖδας,
685 517 778 554 quos
811 506 859 544 ad
886 508 1160 546 successionem
1190 507 1385 555 legislator
1409 508 1558 545 vocavit

163 568 372 616 postremos
403 567 492 603 ante
523 568 704 614 cognatos
731 568 941 614 maternos,
977 566 1286 606 consobrinorum
1310 564 1406 603 filios
1432 564 1557 604 fuisse.

165 624 259 663 Tres
279 624 375 663 enim
394 623 572 673 classes1)
600 626 841 671 cognatorum
859 623 987 664 factas
1003 636 1098 672 esse,
1126 636 1170 664 ex
1186 625 1332 674 quibus,
1357 636 1441 663 cum
1463 625 1559 663 duae

163 682 311 734 priores
346 687 385 722 et
419 683 557 722 fratres
590 687 630 722 et
663 694 814 723 sorores
848 695 923 723 una
951 696 1034 723 cum
1061 685 1190 723 liberis
1212 684 1560 733 complecterentur,

165 743 315 782 tertiam
341 753 491 791 quoque
515 745 813 781 consentaneum·
835 747 935 782 esset
960 743 1205 782 consobrinos
1228 754 1309 781 cum
1334 742 1459 782 liberis
1478 754 1560 781 esse

164 801 406 850 complexam,
434 801 622 839 exclusam
649 800 737 840 vero
762 812 845 839 esse
871 803 1107 840 remotiorem
1135 802 1367 840 sobrinorum
1390 802 1557 849 stirpem.

164 859 375 900 Secundum
402 860 521 908 legem
547 859 666 908 igitur
690 859 805 898 etiam
822 859 1100 909 Theopompum
1117 860 1289 909 Hagniae
1302 860 1344 898 ΙΙ.
1366 860 1557 898 sobrinum

164 928 222 968 ex,
245 920 323 958 eius
360 919 567 957 hereditate
599 919 785 958 exclusum
821 917 935 956 fuisse
969 923 1139 970 apparet.
1192 919 1334 957 Tamen
1363 919 1459 958 hanc
1485 931 1558 958 non

165 978 285 1018 solum
309 978 429 1027 petiit,
457 977 525 1016 sed
550 977 706 1016 abstulit
730 976 805 1024 ille,
832 977 969 1025 quippe
993 978 1068 1026 qui,
1094 988 1177 1016 cum
1198 982 1299 1016 esset
1320 978 1493 1025 Hagniae
1510 979 1560 1017 II.

164 1037 357 1085 sobrinus,
392 1036 470 1075 eius
504 1036 716 1075 consobrini
747 1034 864 1073 filium
890 1046 930 1073 se
961 1046 1043 1074 esse
1070 1037 1274 1075 simularet.
1324 1036 1556 1086 Quamquam

164 1096 279 1144 enim,
326 1095 427 1144 quod
466 1095 528 1134 ille
571 1096 608 1133 in
654 1094 677 1144 ἓ
711 1097 734 1132 8
769 1094 868 1142 »ἐγώ
901 1095 995 1143 γάρ<<
1039 1096 1161 1143 inquit
1198 1095 1285 1132 »καὶ
1317 1096 1461 1143 Ἁγνίας
1494 1097 1560 1134 καὶ

165 1154 407 1205 Εὐβουλίδης
431 1182 626 1193 ......
653 1153 698 1196 ἐξ
717 1152 898 1206 ἀνεψιῶν
920 1153 1042 1201 ἐσμεν
1066 1152 1263 1202 γεγονότες
1280 1181 1288 1189 .
1312 1182 1321 1190 .
1345 1170 1376 1191 .«
1404 1154 1441 1191 id
1468 1166 1558 1192 sane

165 1224 293 1253 verum
320 1216 394 1260 est,
423 1216 548 1250 tamen
574 1211 672 1260 quod
697 1215 829 1259 postea
853 1212 891 1249 in
918 1211 940 1260 ἕ
970 1214 1016 1250 10
1043 1211 1258 1259 »λείπομαί
1279 1211 1412 1259 δ’ἐγοὶε
1440 1213 1561 1260 inquit

166 1272 304 1322 »μόνος
326 1272 405 1308 τοῖν
432 1269 532 1319 πρὸς
556 1269 706 1318 πατρὸς
731 1268 786 1307 (ὂν
811 1270 983 1318 α’νεψιοῦ
1009 1272 1122 1317 παῖς,
1156 1262 1187 1318 ᾧ
1211 1268 1322 1317 μόνῳ
1347 1270 1449 1306 navo?
1474 1270 1565 1314 τούς

164 1331 306 1382 νόμους
336 1330 505 1379 ἐγίγνετο
534 1328 559 1378 ἡ
583 1328 817 1378 κληρονομία
840 1345 1062 1368 .......
1074 1358 1084 1376 ,
1119 1328 1156 1366 id
1191 1328 1389 1366 manifesto
1424 1328 1560 1366 falsum

163 1393 265 1440 θεῖ’),
292 1392 326 1430 id
351 1390 531 1429 mentitus
558 1393 616 1428 est
630 1389 904 1438 Theopompus,
929 1394 972 1428 ut
992 1389 1134 1428 iudices
1160 1389 1356 1437 deciperet.
1404 1389 1562 1427 Plures

162 1452 283 1500 enim,
318 1460 476 1499 quorum
510 1451 638 1497 patres
671 1452 758 1487 sunt
790 1449 889 1487 inter
923 1460 964 1487 se
989 1448 1172 1502 ἀνεψιοὶ,
1207 1448 1342 1486 inter
1372 1459 1421 1486 se
1457 1452 1559 1486 recte

163 1511 339 1550 dicuntur
365 1508 543 1561 α’νεψιῶν
567 1507 730 1554 παῖδες,
759 1518 884 1546 unus
911 1519 997 1545 vero
1024 1508 1244 1546 alterius
1269 1506 1442 1558 α’νεψιοῦ
1466 1509 1563 1550 παῖς

165 1580 240 1608 non
265 1571 392 1617 potest
418 1566 489 1604 dici
515 1566 585 1604 nisi
611 1566 655 1613 is,
680 1566 741 1614 qui
768 1569 914 1614 patrem
940 1565 1077 1604 habeat
1106 1566 1214 1604 huius
1237 1565 1355 1614 ipsius
1377 1564 1559 1618 ἀνεψιόν.

163 1625 389 1675 Theopompi
416 1627 544 1663 autem
569 1627 678 1672 pater
703 1623 871 1676 ἀνεψιὸς
895 1623 968 1661 fuit
989 1635 1062 1662 non
1089 1623 1336 1672 Hagniae11.,
1363 1623 1428 1661 sed
1453 1623 1560 1662 Pole-

162 1685 282 1723 monis
308 1682 479 1731 Hagniae
496 1682 544 1720 11.
570 1682 702 1730 patris.
755 1682 823 1720 ille
848 1683 965 1729 igitur
990 1682 1084 1731 lege,
1113 1693 1188 1730 qua
1213 1681 1393 1734 ἀνεψιῶν
1419 1682 1561 1726 παῖδες

164 1744 212 1783 ad
227 1743 495 1782 successionem
506 1744 742 1790 vocarentur,
769 1752 832 1779 eos
856 1745 1003 1779 tantum
1027 1742 1112 1788 dici,
1138 1742 1199 1789 qui
1223 1747 1352 1789 patres
1376 1741 1562 1779 haberent

163 1801 328 1842 defuncti
362 1799 572 1851 ἀνεψιούς,
613 1799 685 1849 ipsi
728 1800 845 1848 igitur
886 1804 1012 1838 essent
1044 1800 1156 1838 huius
1190 1799 1371 1854 ἀνεψιῶν
1406 1800 1561 1849 παῖδες,

162 1860 266 1900 haud
290 1861 458 1909 ignarus,
484 1870 559 1898 non
584 1869 695 1907 posse
719 1858 892 1912 ἀνεψιοῦ
918 1858 1049 1896 παῖδα
1074 1859 1230 1897 alterius
1257 1869 1340 1897 esse
1363 1870 1466 1907 eum,
1494 1860 1559 1907 qui

161 1929 205 1957 se
237 1918 416 1966 illumque
450 1918 494 1962 ἐξ
527 1917 706 1971 α’νεψιῶν
738 1916 944 1966 γεγονότας
977 1917 1001 1955 i.
1032 1928 1063 1955 e.
1102 1928 1149 1956 ex
1181 1917 1355 1967 patribus
1385 1918 1484 1955 inter
1520 1928 1561 1955 se

161 1977 394 2018 consobrinis
426 1977 551 2026 paullo
585 1981 674 2016 ante
710 1977 885 2026 dixisset,
921 1987 996 2016 non
1021 1980 1286 2026 perspecturos
1311 1988 1393 2016 esse
1419 1977 1560 2017 iudices

162 2037 342 2087 sperabat
367 2048 483 2086 eoque
509 2048 599 2075 usus
625 2041 685 2076 est
709 2037 886 2085 artificio,
925 2040 969 2075 ut
995 2037 1166 2085 Hagniae
1192 2038 1241 2076 ΙΙ.
1267 2037 1440 2091 ἀνεψιοῦ
1464 2041 1561 2083 παῖς

161 2108 243 2137 esse
269 2096 471 2136 videretur.
521 2095 577 2135 Eo
614 2096 724 2136 modo
759 2097 872 2136 etiam
909 2100 988 2136 tum
1001 2128 1010 2145 ‚
1042 2108 1123 2136 cum
1158 2098 1448 2137 controversiam
1475 2110 1559 2138 cum

250 2235 280 2276 1)
301 2238 374 2276 γένη
396 2235 438 2267 cf.
460 2234 501 2267 Is.
523 2233 580 2266 XI.
604 2234 620 2266 1
644 2244 714 2275 sqq.

243 2302 279 2342 2)
301 2301 419 2341 Neque
450 2301 560 2332 minus
589 2300 706 2332 falsum
740 2302 806 2338 est,
838 2301 928 2341 quod
947 2302 1103 2333 Libanius
1132 2302 1165 2332 in
1188 2305 1388 2342 argumento
1410 2304 1452 2335 ad
1475 2304 1561 2336 Isaei

161 2352 346 2385 orationem
370 2352 426 2385 XI.
459 2352 599 2391 »Ἁγνίας
622 2363 686 2387 τις(
719 2350 831 2393 inquit
862 2348 961 2392 »εἶχεν
988 2354 1129 2389 ‹heimonis-
1155 2353 1282 2389 πολλοὺς
1310 2354 1493 2391 Θεόπομπον
1516 2358 1564 2386 καὶ

160 2407 219 2437 -τὸν
248 2406 375 2444 αδελφὸν
406 2404 503 2437 αὐτοῦ
527 2405 724 2448 Στρατοκλέα
745 2406 796 2436 καὶ
825 2406 983 2449 Στρατίον
1012 2408 1059 2437 καὶ
1089 2406 1309 2447 Effeci-uana«
1343 2426 1379 2449 -'
1413 2408 1475 2448 Qui
1500 2420 1564 2442 non

162 2457 349 2491 consobrini
372 2457 524 2500 Hagniae
545 2456 587 2488 ΙΙ.
611 2456 748 2488 fuerunt
769 2458 845 2500 πρὸς
866 2460 991 2501 πατρὸς,
1013 2460 1068 2491 sed
1092 2458 1224 2491 sobrini.
