1822 2904
938 150 986 187 22

255 260 317 310 qui
356 258 468 298 certis
504 256 738 307 argumentis
776 257 845 295 niti
882 267 956 295 non
990 257 1121 306 possit.
1172 256 1313 295 Dolosa
1338 256 1435 295 enim
1461 256 1594 297 fraude
1619 268 1661 296 se

256 331 331 360 una
356 329 440 360 cum
464 316 733 368 Olympiodoro
770 316 877 366 prius
912 316 1052 356 iudices
1085 315 1298 366 decepisse,
1330 319 1375 356 ut
1402 315 1489 356 huic
1512 316 1660 358 adiudi-

257 382 391 419 carent
418 377 584 421 Cononis
619 377 738 423 bona,
772 376 1014 416 Callistratus
1049 377 1128 425 ipse
1162 375 1382 426 confitetur,
1422 380 1466 416 ut
1493 377 1662 426 vidimus,

258 449 381 489 neque
407 447 523 487 causa
550 448 619 477 sua
643 435 817 486 confidit,
844 439 889 475 ut
914 439 1089 485 apertum
1117 440 1178 475 est
1199 447 1245 475 ex
1274 435 1430 475 infirmis
1456 439 1495 476 et
1519 436 1664 477 exordii

257 502 297 538 et
330 497 578 538 conclusionis
612 497 756 545 verbis,
790 495 926 545 quibus
952 507 976 534 a
1000 496 1183 536 iudicibus
1209 496 1325 545 petit,
1366 500 1409 535 ut
1434 496 1503 535 sibi
1530 508 1660 537 recon-

258 559 388 597 cilient
413 556 722 607 olympiodorum
746 555 918 604 affinem,
945 566 1054 603 quem
1082 556 1253 604 precibus
1281 555 1462 604 ipsesnon
1490 555 1663 606 moverit,

259 621 302 658 ut
335 617 500 657 Cononis
542 616 640 655 bona
684 626 810 654 secum
847 614 1149 654 communicaret.
1214 615 1317 662 Quae
1349 614 1584 655 imbecillitas
1617 625 1663 654 eo

258 676 465 716 mirabilior
501 679 583 724 est,
614 686 688 724 quo
723 675 772 713 ad
811 685 851 713 se
889 673 1011 713 solum
1045 675 1236 723 pertinere
1267 677 1385 713 totam
1413 673 1663 714 hereditatem

260 735 503 776 Callistratus
537 735 616 784 ipse
655 734 792 783 dicio).
842 733 916 773 Sed
943 734 980 773 in
1009 745 1055 773 eo
1081 734 1186 773 illum
1214 734 1413 774 mentitum
1447 745 1531 774 esse
1555 733 1664 775 nobis

260 795 503 836 statuendum
540 795 647 844 est2).
696 794 819 832 Nudis
853 794 952 832 enim
988 794 1112 833 verbis
1149 795 1291 843 utitur,
1326 805 1399 833 non
1429 795 1665 843 argumentis

260 856 326 906 ita,
357 860 398 895 ut
423 865 547 906 neque
572 854 611 893 in
637 853 685 905 §5
702 856 800 892 5—-6
827 864 950 904 neque
977 854 1049 894 alio
1077 854 1153 894 ullo
1174 854 1354 894 orationis
1381 854 1463 894 loco
1487 855 1665 895 certiores

262 917 414 965 fiamus,
451 915 637 964 quomodo
674 918 713 953 et
746 915 991 954 Callistratus
1025 919 1064 954 et
1090 915 1378 965 Olympiodorus
1404 918 1444 954 et
1472 915 1665 964 Callippus

261 975 412 1024 cognati
438 974 579 1014 fuerint
595 973 773 1013 cononis.
801 995 848 1001 —
874 974 1010 1013 Mirum
1035 985 1124 1014 vero
1150 986 1233 1030 esse
1258 975 1347 1014 mihi
1372 974 1534 1024 videtur,
1562 974 1664 1024 quod

265 1035 532 1083 Callistratus,
568 1035 632 1083 qui
660 1034 919 1084 olympiodori
955 1034 1097 1073 nullum
1131 1046 1212 1074 esse
1245 1036 1303 1074 ius
1338 1035 1418 1084 ipse
1446 1035 1667 1083 affirmaret,

263 1094 424 1133 Cononis
451 1097 540 1143 post
565 1097 727 1132 mortem
753 1104 822 1132 sua
847 1096 981 1142 sponte
1007 1093 1041 1132 ei
1065 1094 1294 1133 commiserit
1310 1094 1499 1133 dimidiam
1519 1093 1666 1133 heredi-

263 1155 354 1194 tatis
388 1158 560 1205 partem3
596 1154 731 1194 mirum
766 1165 880 1204 porro
916 1154 1084 1204 videtur,
1124 1154 1222 1204 quod
1248 1153 1491 1195 Callistratus
1525 1154 1564 1194 in
1596 1154 1667 1195 hac

261 1226 376 1253 causa
404 1215 441 1252 in
468 1214 776 1263 Olympiodorum
812 1218 970 1263 propter
1006 1215 1085 1253 eius
1121 1214 1305 1253 nefariam
1337 1215 1530 1264 perfidiam
1558 1215 1665 1255 vehe-

261 1274 505 1314 mentissimis
539 1274 690 1324 probris
723 1274 933 1324 invehitur,
976 1274 1041 1324 qui
1075 1274 1173 1315 idem
1208 1278 1321 1314 antea
1354 1285 1500 1314 summa
1535 1273 1666 1315 fraude

262 1347 336 1374 una
361 1346 443 1374 cum
471 1334 535 1373 illo
562 1335 684 1382 egerit
710 1338 846 1373 contra
869 1334 964 1373 alios
990 1335 1235 1383 propinquos.
1287 1335 1572 1383 Argumentatio
1597 1335 1666 1384 igi-

263 1400 326 1433 tur
359 1398 518 1443 apparet
554 1394 714 1432 infirma.
767 1394 1003 1442 Quamquam
1035 1394 1136 1432 enim
1163 1394 1308 1442 omnia,
1340 1404 1436 1443 quae
1463 1397 1594 1432 orator
1619 1393 1666 1432 de

261 1455 504 1504 septuaginta
530 1453 602 1492 illis
629 1453 757 1501 minis,
784 1453 832 1492 de
857 1453 982 1502 priore
1008 1464 1144 1502 causa,
1170 1453 1220 1493 de
1244 1454 1416 1503 pactione
1442 1453 1550 1502 dicit,
1577 1464 1666 1492 vera

262 1526 346 1553 esse
371 1525 484 1563 posse
509 1513 687 1560 concedo,
713 1517 836 1551 tamen
863 1512 934 1551 hac
960 1513 1132 1551 oratione
1158 1524 1234 1552 non
1260 1518 1353 1562 puto
1379 1513 1483 1552 illum
1510 1524 1668 1562 persua-

261 1585 392 1613 surum
420 1572 535 1612 fuisse
563 1572 761 1621 iudicibus,
789 1577 832 1612 ut
857 1572 929 1612 sibi
957 1576 997 1612 et
1019 1573 1265 1623 septuaginta
1284 1574 1472 1613 minarum
1491 1578 1531 1613 et
1552 1573 1668 1613 totius

263 1634 486 1672 hereditatis
515 1634 708 1672 dimidiam
738 1637 885 1682 partem
909 1633 1179 1673 adiudicarent.
1228 1634 1324 1673 Nam
1345 1635 1488 1673 iudices
1512 1634 1543 1673 si
1561 1637 1670 1672 erant

262 1697 301 1733 et
326 1693 416 1733 iusti
443 1697 482 1733 et
507 1693 612 1743 probi
639 1697 679 1732 et
705 1693 820 1741 frugi,
849 1703 971 1742 neque
992 1692 1212 1733 Callistrato
1234 1694 1423 1734 dimidiam
1447 1693 1670 1733 hereditatis

263 1758 411 1804 partem
458 1754 689 1794 committere
737 1765 858 1804 neque
903 1754 1026 1793 sinere
1071 1754 1378 1804 Olympiodorum
1423 1756 1460 1794 in
1503 1754 1668 1794 Cononis

264 1813 448 1852 bonorum
492 1814 727 1862 possessione
767 1825 919 1852 manere
955 1824 1104 1852 necesse
1138 1813 1219 1852 fuit.
1283 1813 1494 1862 Utrumque
1528 1813 1666 1862 potius,

265 1882 374 1922 quem
409 1883 555 1911 summa
582 1876 621 1911 et
646 1872 801 1922 perfidia
829 1876 867 1911 ct
902 1872 1036 1912 fraude
1061 1873 1097 1911 in
1122 1871 1285 1921 petenda
1310 1871 1518 1912 hereditate
1544 1872 1668 1921 egisse

264 1943 310 1969 ex
337 1931 407 1970 hac
435 1933 608 1971 oratione
635 1932 843 1980 patefieret,
869 1933 1016 1980 magnis
1043 1931 1176 1980 poenis
1201 1930 1297 1970 affici
1324 1933 1501 1980 oportuit.
1552 1932 1669 1972 Prae-

264 1992 369 2028 terea
394 1990 424 2028 si
452 1989 591 2029 iudices
617 1994 694 2029 tam
721 1991 891 2030 dissoluti
918 1990 1080 2030 fuissent
1102 2011 1148 2017 —
1171 1990 1273 2040 quod
1300 1990 1469 2040 equidem
1491 1990 1572 2030 fieri
1593 2002 1667 2031 non

263 2051 391 2097 potest
417 2052 460 2087 ut
487 2049 637 2088 credam
667 2070 725 2096 —,
758 2052 802 2088 ut
837 2049 930 2088 talia
964 2049 1107 2088 scelera
1136 2060 1210 2088 non
1236 2049 1525 2098 ulciscerentur,
1562 2053 1665 2090 certo

265 2106 334 2144 hac
354 2107 527 2145 oratione
549 2108 699 2156 cognita
712 2107 954 2157 etCallippus
970 2111 1009 2146 et
1022 2107 1149 2155 ceteri,
1175 2107 1237 2156 qui
1251 2112 1364 2147 antea
1380 2108 1545 2148 Cononis
1566 2108 1667 2148 bona

265 2166 499 2215 petiverant,
531 2166 567 2205 in
598 2166 905 2216 olympiodorum
932 2171 971 2207 et
999 2166 1258 2207 Callistratum
1285 2167 1536 2208 intendissent
1563 2166 1667 2208 litem

264 2226 311 2264 de
335 2226 441 2265 falsis
469 2227 694 2266 testimoniis
721 2231 760 2265 et
782 2227 981 2266 evicissent
1005 2227 1086 2267 sine
1112 2226 1239 2267 dubio.

353 2336 369 2369 1
411 2335 458 2369 Cf.
522 2336 614 2370 5--6.
1626 2360 1642 2367 ,,

350 2337 388 2432 23
409 2392 456 2426 Cf.
481 2337 617 2425 {ibanii
647 2394 900 2435 argumentum,
937 2393 993 2425 ubi
1024 2393 1105 2425 haec
1143 2392 1285 2434 legimus
1313 2393 1430 2426 verba:
1475 2405 1507 2425 ».
1532 2417 1539 2426 .
1563 2417 1570 2425 .
1593 2393 1673 2436 ἄλλα,

267 2444 356 2477 τοῦτο
376 2445 432 2482 μὶν
457 2443 531 2487 τάχ’
554 2444 594 2476 ἄν
615 2445 664 2476 καὶ
685 2445 827 2482 ψεύδοιτο
848 2445 898 2476 καὶ
919 2445 996 2489 λόγῳ
1018 2444 1203 2490 καταχρῷτο
1226 2444 1335 2490 wolff«
