1822 2904
796 217 842 253 65

119 326 293 372 οἰκίσκην
323 325 448 361 autem
479 321 681 368 legendum
713 331 813 368 esse,
848 332 925 360 non
947 321 1166 360 ,secundum
1201 321 1350 362 codices
1382 320 1520 368 οἰκίαν,

119 386 280 434 apparet
305 393 327 421 e
352 381 519 420 Pollucis
547 379 787 420 Onomastico
817 381 891 429 IX.‚
918 383 986 420 39:
1024 381 1112 419 »καὶ
1136 380 1314 431 οἰκίσκην
1338 384 1440 431 Δημ.
1475 381 1521 419 ἐν

117 445 174 492 τῷ
193 441 296 480 κατά
320 438 636 487 Ὀλυμπιοδώρου
657 439 776 487 λέγει,
811 440 878 476 καὶ
912 432 1027 483 οὗτος
1051 438 1181 478 εἵλετο
1201 439 1292 483 τούς
1318 453 1520 488 φαρμακο-

116 502 252 551 τρίβας
289 497 356 535 καὶ
399 496 472 547 τήν
518 495 704 547 οἰκίσκην·
742 496 823 545 ἐγώ·
853 497 889 534 δ’
915 496 1059 546 ἔλαβον
1087 526 1096 535 .
1132 527 1142 536 .
1178 527 1187 536 .
1218 496 1268 542 οἷς
1305 492 1408 536 εἶναι
1447 497 1521 551 τήν

116 552 291 607 οἰκίσκην
335 555 474 604 μικρὸν
519 554 715 593 olumnam«
784 555 911 594 XLIII.
956 558 1016 593 69.
1061 557 1429 604 ἐξεπρέμνιζον
1472 557 1518 596 cf.

116 615 427 666 Harpocrationis
453 614 598 653 lexicon
637 624 668 659 s.
704 625 739 652 v.
775 614 890 652 »α’ντὶ
923 615 995 652 τοῦ
1029 614 1248 664 κατέβαλον
1279 616 1331 653 τοὶ
1360 620 1520 665 πρέμνα

116 676 220 716 τοῦτ’
244 675 331 714 ἐστι
353 677 467 723 μέχρι
488 673 601 723 ῥιζῶν
622 673 675 712 τοὶ
699 673 902 724 στελέχη.<<
942 673 1053 721 Quod
1079 673 1234 713 verbum
1252 678 1406 724 praeter
1421 674 1519 714 hunc

116 738 236 776 locum
263 746 338 773 non
364 733 572 771 invenimus
599 734 670 771 nisi
696 734 797 782 apud
823 735 1062 782 posteriores.

156 805 159 808 “
214 802 391 850 XLVIII„
415 804 475 841 25.
501 801 961 853 ἀνθυπωμόσαντο.
998 802 1053 843 Cf.
1076 804 1261 852 Harpocr.
1283 814 1313 842 s.
1341 815 1375 843 v.
1404 803 1517 843 »α’ντὶ

117 867 188 903 τοῦ
219 864 395 901 ὕπεΐπον
427 864 477 911 τῇ
507 863 722 915 ὑπωμοσίᾳ
752 868 852 912 Δημ.
877 878 911 902 κ.
935 863 1031 902 Ὀλ.«
1056 867 1096 902 et
1128 863 1288 912 Hesych.
1321 863 1390 901 »τό
1421 863 1517 901 α’να·

120 922 280 972 βάλλειν
304 921 417 970 δίκην
437 919 464 971 ἢ
487 924 728 971 χειροτονίαν
746 924 842 970 μεθ’
868 921 1018 971 ὅρκου.«
1056 922 1166 968 Quod
1183 922 1339 961 verbum
1363 926 1517 971 praeter

117 983 215 1022 hunc
239 981 358 1020 locum
387 991 461 1019 non
487 981 699 1020 invenimus
731 981 803 1020 nisi
837 982 874 1020 in
901 992 956 1021 or.
980 982 1043 1020 Ps.
1070 981 1360 1021 Demosthenica
1391 981 1514 1021 LVIII.

117 1044 176 1082 43.
201 1040 372 1088 XLvln.,
400 1043 460 1079 51.
1290 1091 1292 1093 γ

118 1115 244 1166 »ὑμᾶς
253 1115 299 1153 δὲ
305 1113 497 1165 βούλομαι
509 1114 565 1153 αἰι
572 1116 710 1154 οὖσαι
726 1116 809 1160 τοὶς
822 1114 1025 1166 συνθήκας
1032 1115 1098 1153 καὶ
1108 1115 1199 1160 τούς
1210 1113 1356 1164 ὅρκους,
1367 1115 1433 1160 οὓς
1442 1144 1452 1154 .
1461 1145 1470 1155 .
1480 1130 1512 1155 ,ιι

117 1173 265 1213 α’κούω
288 1195 336 1201 -
362 1173 475 1212 audio
500 1166 660 1212 recitare
682 1174 787 1217 τινὸς
811 1178 854 1211 ut
877 1173 985 1212 Dem.
1002 1174 1097 1221 XX„
1123 1178 1182 1213 55.
1209 1176 1268 1211 64.
1298 1175 1380 1212 128.
1403 1173 1518 1222 XXI„

120 1233 281 1271 46—48.
298 1231 481 1281 XXXVI„
512 1234 567 1270 17.
584 1234 643 1270 26.
663 1235 724 1270 55.
743 1231 866 1279 LVH.,
890 1233 950 1270 22.
968 1233 1026 1270 39.
1054 1233 1168 1280 (περί
1178 1245 1281 1276 τινος
1297 1231 1420 1280 LVII„
1441 1232 1518 1280 20).

118 1288 174 1330 Ita
196 1301 380 1339 persaepe
407 1302 431 1329 a
451 1290 706 1330 Demosthene
730 1295 946 1339 usurpatur.
992 1290 1068 1329 Sed
1093 1290 1247 1339 pra'eter
1263 1291 1517 1330 accusativum

116 1350 241 1388 neutri
275 1360 344 1387 seu
377 1350 606 1397 pronominis
642 1360 712 1389 seu
746 1350 920 1389 adiectivi
967 1349 1167 1398 (XXXVI.,
1206 1353 1262 1389 18.
1300 1350 1421 1397 LVII„
1456 1352 1518 1398 24)

116 1420 204 1448 raro
236 1409 472 1447 accusativus
508 1410 563 1448 rei
599 1410 755 1458 ponitur
778 1409 890 1459 (XX.,
917 1412 977 1448 45.
1005 1412 1063 1447 74.
1089 1409 1272 1456 xxxvl„
1298 1410 1371 1458 21).
1421 1410 1518 1449 Nus-

117 1479 229 1516 quam
254 1467 530 1506 Demosthenes
551 1468 642 1506 ‹licit
666 1467 789 1516 νόμον
814 1468 873 1507 vel
901 1467 1106 1518 συνθήκην
1129 1468 1188 1506 vel
1211 1466 1326 1518 ὅρκον
1349 1468 1519 1517 ἀκούειν,

117 1536 266 1574 semper
288 1524 424 1574 νόμου,
452 1524 661 1576 συνθήκης,
689 1524 814 1574 ὅρκου.
845 1547 889 1554 -
917 1526 998 1566 Hoc
1022 1527 1103 1566 loco
1129 1531 1286 1575 propter
1307 1528 1519 1576 proximum

115 1584 315 1622 relativum
342 1583 407 1628 οὓς
433 1596 500 1633 per
521 1585 787 1623 attractionem
812 1586 976 1633 positum
1001 1597 1084 1624 esse
1108 1586 1360 1624 accusativum
1387 1587 1518 1625 iudico.

115 1639 268 1682 XXXV.
295 1643 478 1682 orationis
511 1648 600 1683 sunt
634 1644 756 1683 aliena
781 1655 805 1683 a
835 1655 1006 1684 sermone
1034 1645 1160 1684 Attico
1195 1645 1310 1684 verba
1339 1656 1518 1695 paragra-

116 1702 295 1750 phorum:
341 1707 376 1741 9.
422 1702 854 1753 »ἐτοιχωρύχησαν
895 1705 1012 1754 περὶ
1054 1705 1099 1743 τό
1140 1704 1336 1753 &income
1379 1709 1435 1743 17.
1474 1705 1519 1742 »ὁ

116 1764 281 1800 πάντων
312 1761 463 1799 τούτων
497 1763 518 1799 ὁ
555 1762 772 1813 ἐξηγητής,«
811 1766 869 1801 25.
908 1761 1058 1802 »ὕθλον
1091 1764 1158 1802 καὶ
1194 1764 1424 1814 φλυαρίαν,«
1456 1767 1516 1803 48.

67 1867 71 1872 ¹
118 1822 303 1870 poeticum
328 1821 419 1860 illud
445 1825 587 1870 τοκεΐς,
629 1823 729 1872 quod
757 1825 806 1862 ab
832 1823 1021 1862 historicis
1036 1823 1065 1872 ¹)
1091 1828 1319 1878 usurpatur,
1357 1835 1431 1862 non
1468 1824 1516 1862 ab

118 1881 345 1920 oratoribus.

215 1954 289 1994 Sed
316 1955 424 1994 venio
449 1954 498 1993 ad
524 1956 713 2003 graviora.
764 1956 804 1994 In
831 1955 890 1995 his
918 1956 1017 1995 enim
1044 1955 1277 1995 orationibus
1305 1956 1518 2004 turpissima

117 2018 155 2052 et
180 2014 478 2062 flagitiosissima
505 2015 753 2053 cumulantur
778 2015 981 2064 opprobria
1015 2016 1054 2053 in
1088 2015 1336 2054 adversarios.
1385 2015 1517 2053 Demo-

118 2073 287 2113 sthenem
322 2077 450 2112 autem
485 2084 713 2122 quamquam
749 2079 789 2113 et
822 2075 944 2123 ipsum
968 2074 1157 2113 interdum
1183 2073 1518 2113 vehementissimis

118 2132 328 2182 opprobriis
361 2133 523 2172 concedo
567 2134 754 2174 invectum
784 2145 868 2173 esse
902 2135 942 2173 in
978 2134 1218 2174 adversarios
1253 2134 1358 2173 velut
1391 2134 1430 2172 in
1463 2145 1517 2173 or.

119 2192 167 2231 de
196 2205 270 2232 cor.
306 2197 440 2231 contra
466 2194 712 2242 Aeschinem,
750 2199 878 2233 tamen
910 2195 943 2233 is
976 2198 1056 2233 tam
1078 2194 1219 2233 crebris
1244 2198 1283 2232 et
1308 2193 1518 2241 humilibus,

117 2252 242 2300 qualia
272 2252 430 2301 (μιαρὸν
463 2254 619 2302 θηρίον)
656 2255 693 2292 in
729 2253 788 2292 his
818 2254 1052 2293 orationibus
1094 2253 1208 2291 etiam
1251 2255 1368 2300 atque
1403 2252 1517 2290 etiam

117 2316 368 2360 usurpantur,
409 2322 484 2350 non
529 2323 623 2351 usus
669 2315 730 2351 est
768 2313 995 2361 praesertim
1031 2313 1070 2351 in
1104 2316 1182 2350 tam
1215 2311 1359 2349 levibus
1393 2312 1518 2349 causis

116 2370 285 2417 privatis.
337 2370 491 2410 Talibus
522 2375 651 2410 autem
682 2371 902 2412 maledictis
927 2378 1058 2411 orator
1095 2371 1133 2409 id
1158 2370 1256 2418 agit,
1289 2374 1332 2409 ut
1359 2369 1518 2409 debilem

200 2488 231 2528 1)
254 2489 356 2521 Thac.
382 2474 436 2525 1'1.,
458 2487 509 2525 44,
533 2490 560 2520 1.
